pool,block_number,block_hash,block_time,log_index,tx_hash,sender,recipient,amount0,amount1,sqrt_price_x96,liquidity,price,tick
mypool,35950974,0x6ec4feb7647168f63aa1dd9e3c7053459b17dec4ac865d9f729cee19ad98826b,1667808305,6,0x6ec4feb7647168f63aa1dd9e3c7053459b17dec4ac865d9f729cee19ad98826b,sender,recipient,-72.53537179988646,3000.0,508817680366444148704702253009,0,41244421831493.625,37197
mypool,35954963,0x25b228e002cec863a11c67278c4eca695661d15710ef0cd8305e0d3a73627d02,1667809404,5,0x25b228e002cec863a11c67278c4eca695661d15710ef0cd8305e0d3a73627d02,sender,recipient,0.5241753867493818,-21.402,508791110232248751055213986917,0,41240114429245.83,37195
mypool,35954985,0x15bc583740309775dbdc5c0cc45b9773e6c04037de1c9f52ad03bcb5c68f9140,1667809410,6,0x15bc583740309775dbdc5c0cc45b9773e6c04037de1c9f52ad03bcb5c68f9140,sender,recipient,0.6403268835903331,-26.14141483541926,508758656213921741958074513653,0,41234853469624.49,37194
mypool,35955043,0x86d837b39cee3995096c2dc9b13373d68eed424bd0637fa081dab0cc1fc4a9e0,1667809427,10,0x86d837b39cee3995096c2dc9b13373d68eed424bd0637fa081dab0cc1fc4a9e0,sender,recipient,5.112934170309271,-208.6165261916839,508499663171388767015585162936,0,41192881419738.11,37184
mypool,35955184,0x33ec5cbc9541bb6c041371bfc9db23b8a9f0d4ecbd5c5b326b2e216ad058cf43,1667809468,3,0x33ec5cbc9541bb6c041371bfc9db23b8a9f0d4ecbd5c5b326b2e216ad058cf43,sender,recipient,0.002452125760322949,-0.1,508499539023485788800233848731,0,41192861305627.55,37184
mypool,35955234,0xf5068534526f8258d6bb4666d4692ef9ec9dd4437d4667b775734b4032e54599,1667809482,17,0xf5068534526f8258d6bb4666d4692ef9ec9dd4437d4667b775734b4032e54599,sender,recipient,2.5602396735632,-104.38235371525087,508369950520269001582019638599,0,41171868401470.22,37179
mypool,35955457,0x395fdecf1855d753846ed5c3153b9b6b2d40be190f050e1b57245b2e3cc352f5,1667809543,15,0x395fdecf1855d753846ed5c3153b9b6b2d40be190f050e1b57245b2e3cc352f5,sender,recipient,2.207192373894074,-89.94573029172004,508258284782293389731139698878,0,41153783217108.47,37175
mypool,35955727,0x2845e718e663dedbdf279b170ccda0f3d4a1b17edcab73538b5d3de17467f49d,1667809616,3,0x2845e718e663dedbdf279b170ccda0f3d4a1b17edcab73538b5d3de17467f49d,sender,recipient,0.04014,-1.635387196974239,508256254483382771997265814067,0,41153454430281.57,37174
mypool,35960141,0x960cc9b6d181953dc2fb2c42beaf9ec9b739f04a2c4b4b8d07542c50f600b568,1667810801,5,0x960cc9b6d181953dc2fb2c42beaf9ec9b739f04a2c4b4b8d07542c50f600b568,sender,recipient,7.55813521473251,-313.80498874463126,512883763412457825790186109606,0,41906243655284.914,37356
mypool,35960141,0xafa42a14a5aca02a37f978bf3bf36c7bb6a2d4e38d0f259aa780cb1d884efbfa,1667810801,14,0xafa42a14a5aca02a37f978bf3bf36c7bb6a2d4e38d0f259aa780cb1d884efbfa,sender,recipient,1.171875,-48.61204367901989,512823138559431613731663059216,0,41896337279253.21,37353
mypool,35960140,0xd258e2e0e398da2163e40d8c551647520491bf705bd8d5b982cb86debe813936,1667810801,4,0xd258e2e0e398da2163e40d8c551647520491bf705bd8d5b982cb86debe813936,sender,recipient,-96.88955642203157,4067.36728623,513275114606148659870480520709,0,41970220394671.68,37371
mypool,35960212,0xb7199bb23ac0087f610466360f6c3bfb32fb8c5ab1554192d55bc2ed80c4bcc0,1667810821,3,0xb7199bb23ac0087f610466360f6c3bfb32fb8c5ab1554192d55bc2ed80c4bcc0,sender,recipient,2.0,-82.93801634294836,512719705239814836122518447572,0,41879438508894.69,37349
mypool,35960236,0x5a66deb9a38aab3fd03469cbbad7fefaa9fe96300770a3a81db63e78a694b2bb,1667810827,41,0x5a66deb9a38aab3fd03469cbbad7fefaa9fe96300770a3a81db63e78a694b2bb,sender,recipient,0.028590555823848077,-1.1853794425442752,512718226934254200849831094147,0,41879197010403.64,37349
mypool,35960248,0x7d427adc0a593238c3a728ef99f4115a3fe08eb052e6b745d742ec50635dcdca,1667810832,5,0x7d427adc0a593238c3a728ef99f4115a3fe08eb052e6b745d742ec50635dcdca,sender,recipient,2.412526588496717,-100.0,512593515343384844563125141433,0,41858826421570.32,37344
mypool,35960404,0xf2dafaf0a9fd8a78d902564343c90f75d5acccc35aa5edd13faa6543adbde3dc,1667810875,32,0xf2dafaf0a9fd8a78d902564343c90f75d5acccc35aa5edd13faa6543adbde3dc,sender,recipient,0.5,-20.719074607853866,512567676255827981164488260123,0,41854606443799.32,37343
mypool,35960412,0xc9bead7d5cbab4ee5f0df38d1b1156a00c9e419a882c432a62220a079f6de5aa,1667810878,12,0xc9bead7d5cbab4ee5f0df38d1b1156a00c9e419a882c432a62220a079f6de5aa,sender,recipient,4.506717787719711,-186.65582253164956,512334894810098478624809377690,0,41816598727454.75,37334
mypool,35960448,0x21a8edf6ffbce3607ff82591a2bb3c51f3434294a663f1d25a638b31410528cf,1667810887,10,0x21a8edf6ffbce3607ff82591a2bb3c51f3434294a663f1d25a638b31410528cf,sender,recipient,2.416138513389208,-100.0,512210183219229122338103424976,0,41796243370478.76,37329
mypool,35960472,0x2c11fbdf333fa11ed59e84bc3b92804eb33fdb3363188b67055ed53b4d86f011,1667810893,6,0x2c11fbdf333fa11ed59e84bc3b92804eb33fdb3363188b67055ed53b4d86f011,sender,recipient,0.002813439764906726,-0.11641526799368558,512210038035896392588255828975,0,41796219676623.2,37329
mypool,35960572,0x54545fb3e94fe7c3b50051985d9100ac3017d64871521b87561ef2813dd77d5f,1667810917,11,0x54545fb3e94fe7c3b50051985d9100ac3017d64871521b87561ef2813dd77d5f,sender,recipient,2.4196142445638866,-100.0950212295641,512085207942539983290143439404,0,41775849946042.09,37325
mypool,35960654,0xadbbb26809d24043c5a4cad712aee9438b49ee32c2256145468444c4329345ee,1667810940,17,0xadbbb26809d24043c5a4cad712aee9438b49ee32c2256145468444c4329345ee,sender,recipient,1.8614140941178206,-76.9701035331745,511989217301929970764281396667,0,41760189604015.555,37321
mypool,35960815,0xaf42325b9e100d255ca87b543f9818ca5881de798d140b9123d4118cecd39577,1667810984,9,0xaf42325b9e100d255ca87b543f9818ca5881de798d140b9123d4118cecd39577,sender,recipient,6.504221966961153,-268.7253529611677,511654085639182805696756781502,0,41705537744505.19,37308
mypool,35961155,0x405a57901b638ba4f5e8ee591192d9b4e1f0297ab499ba0ef2ad79fc028c8a81,1667811077,3,0x405a57901b638ba4f5e8ee591192d9b4e1f0297ab499ba0ef2ad79fc028c8a81,sender,recipient,2.4219829480467e-05,-0.001,511654084392066897003193914442,0,41705537541197.36,37308
mypool,35961329,0x4f25813ba9b7034a76586148d53c9a0e2c5c246365ea4d510d81e4d0dde1261b,1667811126,3,0x4f25813ba9b7034a76586148d53c9a0e2c5c246365ea4d510d81e4d0dde1261b,sender,recipient,2.4219829598535e-05,-0.001,511654083144950988309631047382,0,41705537337889.54,37308
mypool,35961337,0x56fb3734730c4c44b110c078da0787a2cd60da0947aa08d47aafa6e9db5f7e23,1667811128,3,0x56fb3734730c4c44b110c078da0787a2cd60da0947aa08d47aafa6e9db5f7e23,sender,recipient,0.15,-6.193178804889977,511646359533138026232315543298,0,41704278225687.69,37307
mypool,35961414,0x7024b97d5d9ac6ef67adba0ad0329b788811594f8661d8df3365c4651a3e8631,1667811150,3,0x7024b97d5d9ac6ef67adba0ad0329b788811594f8661d8df3365c4651a3e8631,sender,recipient,2.4220560948132e-05,-0.001,511646358286022117538752676238,0,41704278022382.93,37307
mypool,35961425,0xb7e9eadd37b6f3e1a8e7fd50b06a400cc49dd00a8e40e68181cf22116f23ba00,1667811155,3,0xb7e9eadd37b6f3e1a8e7fd50b06a400cc49dd00a8e40e68181cf22116f23ba00,sender,recipient,2.4220561066206e-05,-0.001,511646357038906208845189809178,0,41704277819078.18,37307
mypool,35961842,0x259c7a52eefeb0b360598c7cd7f40fe46f8cbc135b157ecf3c5886ee62d7bc52,1667811271,3,0x259c7a52eefeb0b360598c7cd7f40fe46f8cbc135b157ecf3c5886ee62d7bc52,sender,recipient,18.198689734404883,-750.0,510711020107386036694895163830,0,41551938626188.21,37271
mypool,35961973,0x499ecf9464ac800941563b7713528b66d14b0d86692a46e5a6ca77e73eba6c2a,1667811302,3,0x499ecf9464ac800941563b7713528b66d14b0d86692a46e5a6ca77e73eba6c2a,sender,recipient,2.4309359465866e-05,-0.001,510711018860270128001332296770,0,41551938423255.12,37271
mypool,35962013,0xab877a524398611905af009e94e6d16a7e25960aedae8e099b1ec8f032d953c6,1667811313,46,0xab877a524398611905af009e94e6d16a7e25960aedae8e099b1ec8f032d953c6,sender,recipient,3.8119506606660862,-156.74997740573542,510515533469760078818387090689,0,41520134753377.336,37263
mypool,35968589,0x48325c4d467465f40da27dd2f5c9964c4a5db514062538ef31c3767a6e12cd0e,1667813211,5,0x48325c4d467465f40da27dd2f5c9964c4a5db514062538ef31c3767a6e12cd0e,sender,recipient,2.9015806668e-05,-0.001192692797329969,510515531982333917083954512698,0,41520134511433.14,37263
mypool,35968838,0x2cf899b74455a8a4a3b1239166ce2d6f6ddc2854834dd69311b0eba4cb583555,1667813285,3,0x2cf899b74455a8a4a3b1239166ce2d6f6ddc2854834dd69311b0eba4cb583555,sender,recipient,0.7055614096260632,-29.0,510479365620981803760809786411,0,41514251912749.55,37262
mypool,35973253,0x4adc1c8fc7af6941c2f1df95ec263d6f5df628f624620391e9f58269fe498b9f,1667814510,3,0x4adc1c8fc7af6941c2f1df95ec263d6f5df628f624620391e9f58269fe498b9f,sender,recipient,1.2,-49.312989669521336,510417866607059702377801883146,0,41504249816918.62,37259
mypool,35974783,0x225b54232bc0dae0f1ddd6588e76f62d54d94c3854592da3740fa7102605428b,1667814950,6,0x225b54232bc0dae0f1ddd6588e76f62d54d94c3854592da3740fa7102605428b,sender,recipient,1.9139550641945609,-78.62778809979343,510319808641655063587489856562,0,41488304327444.95,37255
mypool,35974821,0x21e5fe81d88049e4b0e1e5b4a64ec386391207c068b90a46caef6f4088cca574,1667814960,18,0x21e5fe81d88049e4b0e1e5b4a64ec386391207c068b90a46caef6f4088cca574,sender,recipient,3.4737128609243166,-142.62754128456848,510141935565901230305804332302,0,41459387690948.836,37249
mypool,35976633,0xb04856aee4fe9884a40008f85a681bb6c3658b4b52252b549a3f4f9c069c5fa9,1667815464,6,0xb04856aee4fe9884a40008f85a681bb6c3658b4b52252b549a3f4f9c069c5fa9,sender,recipient,0.042201469621478804,-1.7321432845139595,510139775382454976226547709473,0,41459036574182.625,37248
mypool,35978647,0xc361f34a32dd878d492d9245c1c477b24afd4875316cce8b4840be2b472ddb3f,1667816007,3,0xc361f34a32dd878d492d9245c1c477b24afd4875316cce8b4840be2b472ddb3f,sender,recipient,0.45,-18.46916685946985,510116742190644215445901917632,0,41455292845778.01,37248
mypool,35984196,0x7d20e9c7f95650c5221fbc26355d2a5d44ba799b0da0a7e3732e2fc2c3af04ce,1667817574,7,0x7d20e9c7f95650c5221fbc26355d2a5d44ba799b0da0a7e3732e2fc2c3af04ce,sender,recipient,13.0,-532.8346134560971,509452235641975485536242915146,0,41347359233873.99,37221
mypool,36000165,0x0a83318c558f01b115c5407c8f12ea7806903a8c8203ffe1482f52cf9ee9d593,1667821974,3,0x0a83318c558f01b115c5407c8f12ea7806903a8c8203ffe1482f52cf9ee9d593,sender,recipient,2.4429637860421e-05,-0.001,509452234397626228894875049281,0,41347359031890.164,37221
mypool,36000209,0xd26c2778826c2a432343bac78aadccd7201e1cc12dfec60bd2e4896b70fdbc57,1667821986,5,0xd26c2778826c2a432343bac78aadccd7201e1cc12dfec60bd2e4896b70fdbc57,sender,recipient,2.72e-05,-0.001113401680982831,509452233012165674820639777155,0,41347358807001.03,37221
mypool,36000234,0x1bba9edd11167789864cfbb28a9534680e26b47d1a71c473e1d83ebbea67be7f,1667821993,3,0x1bba9edd11167789864cfbb28a9534680e26b47d1a71c473e1d83ebbea67be7f,sender,recipient,2.4429638112634e-05,-0.001,509452231767816418179271911290,0,41347358605017.21,37221
mypool,36000276,0xe8caa1b5427790e69decafa808e8803e6021faeb709ea12befad292fff2c32e6,1667822007,5,0xe8caa1b5427790e69decafa808e8803e6021faeb709ea12befad292fff2c32e6,sender,recipient,2.732e-05,-0.001118313735663496,509452230376243552514568872691,0,41347358379135.92,37221
mypool,36000332,0xe049e6693ce0fa543bad57956fbf10e2e117137d4f35c7d6d3899a0f41da3162,1667822023,10,0xe049e6693ce0fa543bad57956fbf10e2e117137d4f35c7d6d3899a0f41da3162,sender,recipient,1.955350790917514,-80.0244592386642,509352651999876793258249058189,0,41331196312580.65,37218
mypool,36002358,0xbcb14a959b9051a5eace13bb066fa6d7679ce42460ad1fcad08b62763990ce50,1667822592,9,0xbcb14a959b9051a5eace13bb066fa6d7679ce42460ad1fcad08b62763990ce50,sender,recipient,2.4445873625848655,-100.00290558017481,509228213458656125840574938423,0,41311003758380.3,37213
mypool,36006968,0x6c3c85313a3147762ced1c5a79f4c6ecc45b5085a9462fd979d9d59e8f43954f,1667823903,6,0x6c3c85313a3147762ced1c5a79f4c6ecc45b5085a9462fd979d9d59e8f43954f,sender,recipient,0.158362260572287,-6.476580401240099,509220154330648264671130633241,0,41309696179482.99,37212
mypool,36007112,0x1af878c30f30958218d63c33757bad3bd72103c85d0c8777358c73780fced4a0,1667823943,9,0x1af878c30f30958218d63c33757bad3bd72103c85d0c8777358c73780fced4a0,sender,recipient,0.035273803196379745,-1.4425735069344627,509218359265377260241271923705,0,41309404936217.63,37212
mypool,36007434,0x2d496bfc91d74af25c267b726810a8953fc588e8444def0ee3bbc2bd0d25323e,1667824030,3,0x2d496bfc91d74af25c267b726810a8953fc588e8444def0ee3bbc2bd0d25323e,sender,recipient,0.025,-1.022405217791776,509217087036204514789059417036,0,41309198521961.51,37212
mypool,36007592,0x1665ab51436fb9ea7e5a204f41590cb159e7a1017a1419a5438cd8b3eadde00a,1667824076,3,0x1665ab51436fb9ea7e5a204f41590cb159e7a1017a1419a5438cd8b3eadde00a,sender,recipient,0.0112,-0.45803588054043937,509216517079597049218929084706,0,41309106048876.57,37212
mypool,36007869,0x2a522ea6ba76cbb1aa92b7e1f27c2811c86bcae58894b39d19fd56255b3909b1,1667824153,27,0x2a522ea6ba76cbb1aa92b7e1f27c2811c86bcae58894b39d19fd56255b3909b1,sender,recipient,0.06335089251707668,-2.5907826476148603,509213293241135370312563021642,0,41308582996466.17,37212
mypool,36009160,0x16a96b988a5045b40fd01cc4ccb9ae418be13745f84b425db03a944aceddbf28,1667824514,7,0x16a96b988a5045b40fd01cc4ccb9ae418be13745f84b425db03a944aceddbf28,sender,recipient,-0.001694069764097785,0.0706864984030824,509213380320240195344815982829,0,41308597124591.984,37212
mypool,36028051,0x1cfdf4303a90f04d01f1c6b16ee16357bc5c9ae3009dc5699e958d61a0d8b8bf,1667829752,3,0x1cfdf4303a90f04d01f1c6b16ee16357bc5c9ae3009dc5699e958d61a0d8b8bf,sender,recipient,-0.9585454621002606,40.0,509262656375467516713045931816,0,41316592292353.72,37214
mypool,36028072,0x2de0c578801835f1c1a005dd5e3aa4ea2078e2473c3a4c852e0f39097634c05a,1667829759,3,0x2de0c578801835f1c1a005dd5e3aa4ea2078e2473c3a4c852e0f39097634c05a,sender,recipient,-0.958359983079956,40.0,509311932430694838081275880803,0,41324588233762.195,37216
mypool,36029294,0x8467e57478bfcc202c0c307f108b2a33b98858b91ebee2d2d3e392c3532c7735,1667830128,16,0x8467e57478bfcc202c0c307f108b2a33b98858b91ebee2d2d3e392c3532c7735,sender,recipient,-2.395088840195588,100.0,509435122568763141501850753271,0,41344581471987.81,37221
mypool,36029321,0xad1ee48a4e63cbf10533f19de012f2319d06d9af3031aafa42ed83dbb732bbb5,1667830136,3,0xad1ee48a4e63cbf10533f19de012f2319d06d9af3031aafa42ed83dbb732bbb5,sender,recipient,-0.11725523903706084,4.896895140984339,509441155060648380150552538876,0,41345560644086.016,37221
mypool,36029375,0x92a766be28e65efd2020ae2af8df87d19c42a0ffa92d110e947c3188d1e64f88,1667830152,3,0x92a766be28e65efd2020ae2af8df87d19c42a0ffa92d110e947c3188d1e64f88,sender,recipient,-0.9074145088574894,37.9,509487844122976267146950415541,0,41353139434673.78,37223
mypool,36029378,0xc8f458446cd32e3a6e6bc35e3fea6c76ccc9b731b8627e42b1676383c7bd793e,1667830152,8,0xc8f458446cd32e3a6e6bc35e3fea6c76ccc9b731b8627e42b1676383c7bd793e,sender,recipient,-0.017616718685557278,0.7358665862558499,509488750638039874239498447451,0,41353286591382.65,37223
mypool,36029430,0x2fe6f2eae51fb294102b14f97b17c78f4226bf277ddf86ee5d005fd109788002,1667830168,3,0x2fe6f2eae51fb294102b14f97b17c78f4226bf277ddf86ee5d005fd109788002,sender,recipient,-0.3978560135225549,16.6195099923968,509509224235345783338808619742,0,41356610188015.7,37224
mypool,36029809,0x9ed788fbc6a6027c308124e62aac1d0eeb4c23033766ee91626e69eacfed4f4e,1667830286,8,0x9ed788fbc6a6027c308124e62aac1d0eeb4c23033766ee91626e69eacfed4f4e,sender,recipient,-2.8647644434028585,119.70832072606095,509656693080927465292142515161,0,41380553598146.46,37229
mypool,36034973,0x19ae6cac0a2101f790b821ca2aa7167088d1473fecd16fd0202b80b8319b1e82,1667831786,3,0x19ae6cac0a2101f790b821ca2aa7167088d1473fecd16fd0202b80b8319b1e82,sender,recipient,-4.782544240956522,200.0,509903073357064072133292260098,0,41420571974043.836,37239
mypool,36035436,0x216411057d325e910af685382b87290a751810e00fcd274b43f06835164ae3bf,1667831917,4,0x216411057d325e910af685382b87290a751810e00fcd274b43f06835164ae3bf,sender,recipient,-2.389539379458248,100.0,510026263495132375553867132566,0,41440588414930.625,37244
mypool,36035804,0xdf60c23a5f88d1af630bd7282c92db1b3bf410d17ad517e06715059f0a7efb50,1667832025,11,0xdf60c23a5f88d1af630bd7282c92db1b3bf410d17ad517e06715059f0a7efb50,sender,recipient,-4.815547714956129,201.67306974831604,510274704828201911947778481079,0,41480970894518.836,37254
mypool,36036114,0xafae2c6b357073f433ece8a5ad20e4c1d56f69106a2f31c5e9922778e87f4efb,1667832102,11,0xafae2c6b357073f433ece8a5ad20e4c1d56f69106a2f31c5e9922778e87f4efb,sender,recipient,-0.818548544790048,34.3,510316959045559340021035662335,0,41487840992187.54,37255
mypool,36036142,0xabeecd5b6060a80ce0d5561ebc00c3156be4d09a56cafb6dde469549d647dc9a,1667832110,5,0xabeecd5b6060a80ce0d5561ebc00c3156be4d09a56cafb6dde469549d647dc9a,sender,recipient,-2.385665411204341,100.0,510440149183627643441610534803,0,41507873678353.52,37260
mypool,36052121,0x841bef0579b72d5238c0fafd1b8bda0c74b9b96934f6484f5e68377322e6c1da,1667836703,8,0x841bef0579b72d5238c0fafd1b8bda0c74b9b96934f6484f5e68377322e6c1da,sender,recipient,1.2,-49.30542689380611,510378796230632041267901430876,0,41497896102807.484,37258
mypool,36052242,0x9856b056a1c16c61a5e7fde72be6e711386694cc7aff5c78ad2308c4143e6d4c,1667836739,3,0x9856b056a1c16c61a5e7fde72be6e711386694cc7aff5c78ad2308c4143e6d4c,sender,recipient,4.301405141450129,-176.638167577608,510158997440207620601019475475,0,41462160984581.39,37249
mypool,36052267,0x73f97d14d22d53e86cd8dd7154213ef3bb0747a996cb2f7d52dcbc9711f4a5a1,1667836745,4,0x73f97d14d22d53e86cd8dd7154213ef3bb0747a996cb2f7d52dcbc9711f4a5a1,sender,recipient,2.970610264443423,-121.89998648365433,510007311822374835782817111516,0,41437508754390.45,37243
mypool,36052524,0xd77726ec8e418f411d9905632dd8245cecd9299d9f78edb6a4bd9d6439f91452,1667836818,6,0xd77726ec8e418f411d9905632dd8245cecd9299d9f78edb6a4bd9d6439f91452,sender,recipient,0.18833414729778677,-7.725911261548721,509997698124647425204879112480,0,41435946565300.734,37243
mypool,36052579,0xcf9003bb05045c1c1a0372a79428f836e22e05077d08e0f4d023ad7884fbf65d,1667836832,18,0xcf9003bb05045c1c1a0372a79428f836e22e05077d08e0f4d023ad7884fbf65d,sender,recipient,5.018086475682552,-205.74653448072124,509741678488387273696856895486,0,41394355188374.52,37233
mypool,36053023,0x7ac995100ef6ee320c4c1be8d3c7e55f63618800101dfad4bb69a14b012594b0,1667836954,6,0x7ac995100ef6ee320c4c1be8d3c7e55f63618800101dfad4bb69a14b012594b0,sender,recipient,2.4401902335962e-05,-0.001,509741677244042444724095071497,0,41394354986276.664,37233
mypool,36053092,0x8d9bcf7c0c552af1e146155452f0f92ae3fe7952b29db6936e1150cce32af4d7,1667836972,3,0x8d9bcf7c0c552af1e146155452f0f92ae3fe7952b29db6936e1150cce32af4d7,sender,recipient,2.6842092707161e-05,-0.0011,509741675875263132854057065109,0,41394354763969.016,37233
mypool,36053255,0x38a8575aee6e589afd4e56e412422e59d5a9fd70ed9269fdc336a10a54934452,1667837017,10,0x38a8575aee6e589afd4e56e412422e59d5a9fd70ed9269fdc336a10a54934452,sender,recipient,2.193404496834972,-89.86689922059472,509629850463922169505901062622,0,41376194847968.37,37228
mypool,36053594,0x3c42f0ba977d965023d65f6aab21cf1f970483eb4d4526b79e1c8d10fac2f7ea,1667837109,3,0x3c42f0ba977d965023d65f6aab21cf1f970483eb4d4526b79e1c8d10fac2f7ea,sender,recipient,0.6318023068439453,-25.878524319000487,509597648656004375385762766842,0,41370966166080.65,37227
mypool,36053608,0x9ee311c897c4aba6f47e69df30f78657bec853c46ba52e0ed260479b2d4df345,1667837112,5,0x9ee311c897c4aba6f47e69df30f78657bec853c46ba52e0ed260479b2d4df345,sender,recipient,7.330078974241597,-300.0,509224345207312546838566183603,0,41310376139035.49,37212
mypool,36053627,0x04945ce85db0caeacdeed1a8e1dc46707e880edbaf44709a1349e10b06c293b0,1667837118,5,0x04945ce85db0caeacdeed1a8e1dc46707e880edbaf44709a1349e10b06c293b0,sender,recipient,6.606265906574281,-270.0,508888430022162905186325163063,0,41255892468734.84,37199
mypool,36053638,0x25bab73c0a65d4f81aaa58876961a3265c15f70856ddd64da18dff2e02e90934,1667837120,5,0x25bab73c0a65d4f81aaa58876961a3265c15f70856ddd64da18dff2e02e90934,sender,recipient,2.4489720856623607,-100.0,508765391549271861625968346674,0,41235945273768.734,37194
mypool,36053783,0xcfe3a8efd0eb07ba94748b14178bd09500790e2898e470417fd07da9d3e3afe4,1667837160,10,0xcfe3a8efd0eb07ba94748b14178bd09500790e2898e470417fd07da9d3e3afe4,sender,recipient,6.281806385272346,-256.2869175801761,508450060039661685489304996248,0,41184845244253.51,37182
mypool,36053915,0xc87eb5707a4d57627d5afce305d1e72454d00e0a7b44511b91942c8d7b2ff963,1667837196,3,0xc87eb5707a4d57627d5afce305d1e72454d00e0a7b44511b91942c8d7b2ff963,sender,recipient,7.1125505813535e-05,-0.0029,508450056471545971649041745900,0,41184844666213.28,37182
mypool,36053989,0x20a52a9462960e217e377dab6955a74b5180d330f1e09005f2cc61fbcff2176c,1667837216,3,0x20a52a9462960e217e377dab6955a74b5180d330f1e09005f2cc61fbcff2176c,sender,recipient,0.03,-1.2231862659985144,508448551481843674098855840357,0,41184600855933.04,37182
mypool,36054081,0x55ade6e22363ea032670a1e0d12f21e063539b61d7deb9488f07dea44c06bc31,1667837241,3,0x55ade6e22363ea032670a1e0d12f21e063539b61d7deb9488f07dea44c06bc31,sender,recipient,0.0014,-0.057081848901534823,508448481249208487677487996054,0,41184589478172.83,37182
mypool,36054132,0xde45ca4ef8c98e7fc7aca194ce60c65477704c25f13ba7dc7a10c13165cb5e81,1667837255,3,0xde45ca4ef8c98e7fc7aca194ce60c65477704c25f13ba7dc7a10c13165cb5e81,sender,recipient,0.0375,-1.5289722272651503,508446600025129132460746737635,0,41184284718493.33,37182
mypool,36054181,0x512e1161186b20294e55117f8bea88e6dacca0e92f4e64845d74f2b5d809c152,1667837268,10,0x512e1161186b20294e55117f8bea88e6dacca0e92f4e64845d74f2b5d809c152,sender,recipient,2.5117013769254326,-102.38282622977334,508320629759233328555709696940,0,41163880008853.52,37177
mypool,36055005,0x8f43947c9f77e8581e43fb2d207a0ea21350e27a3fb8d4b0970d8f4fc9b8c741,1667837490,5,0x8f43947c9f77e8581e43fb2d207a0ea21350e27a3fb8d4b0970d8f4fc9b8c741,sender,recipient,4.9077055650423e-05,-0.002,508320627298463870734838489803,0,41163879610306.58,37177
mypool,36055030,0xf02635b9829096d64d33bb16707a5cb4282ddf861441b4e9d5a2e0bb5436cf2a,1667837496,29,0xf02635b9829096d64d33bb16707a5cb4282ddf861441b4e9d5a2e0bb5436cf2a,sender,recipient,0.944821372656339,-38.5,508273257486400818964101115493,0,41156207939000.81,37175
mypool,36055054,0xfb162fe6249179ef7e3c7a06f2e47c158baeecc5fbc485c67a60087e0fff5f8a,1667837503,3,0xfb162fe6249179ef7e3c7a06f2e47c158baeecc5fbc485c67a60087e0fff5f8a,sender,recipient,2.4543102076929e-05,-0.001,508273256256016090053665511924,0,41156207739745.914,37175
mypool,36055078,0x421f3c698b76accb680c968fc5c37b60e5ded5a1f8dcd61665542158901f44fa,1667837509,11,0x421f3c698b76accb680c968fc5c37b60e5ded5a1f8dcd61665542158901f44fa,sender,recipient,2.4543102195753e-05,-0.001,508273255025631361143229908355,0,41156207540491.01,37175
mypool,36055173,0xaadf1e6401958229d97ec10cbb91c0e9c8634e585386f7cb8af5a15a7b3cfd86,1667837534,7,0xaadf1e6401958229d97ec10cbb91c0e9c8634e585386f7cb8af5a15a7b3cfd86,sender,recipient,1.2579060960335704,-51.24657981168464,508210202016422174538622531745,0,41145997041525.13,37173
mypool,36055245,0x3bf800ac55ed985c19b86aeeef3bed3fbc89fa1727f54f10d9b63ca982192528,1667837555,17,0x3bf800ac55ed985c19b86aeeef3bed3fbc89fa1727f54f10d9b63ca982192528,sender,recipient,1e-07,-4.07345370707e-06,508210202011410259303518996746,0,41145997040713.58,37173
mypool,36061104,0x2965b441a6e881157ec942d851cc6fb573ee0c7d6a4c10164c7ce87e93ef6fce,1667839285,5,0x2965b441a6e881157ec942d851cc6fb573ee0c7d6a4c10164c7ce87e93ef6fce,sender,recipient,0.5401110069300203,-22.0,508183133547374229720240497140,0,41141614093358.28,37172
mypool,36061249,0xadc996050e76f74a66b97f3fa76222478e420a1a7150f17890a154d3bf249434,1667839324,7,0xadc996050e76f74a66b97f3fa76222478e420a1a7150f17890a154d3bf249434,sender,recipient,0.7366077430621494,-30.0,508146222005506916652133452223,0,41135637723189.39,37170
mypool,36061706,0x0389d8f27db8546e28e90713771d0eb18ac20d0bd5ae56071b155b4cea6f18ab,1667839448,3,0x0389d8f27db8546e28e90713771d0eb18ac20d0bd5ae56071b155b4cea6f18ab,sender,recipient,0.07366666010763614,-3.0,508142530851320185345322747731,0,41135040110048.3,37170
mypool,36061900,0x63bb9683a3b5b14912e8f5722c9f9b6cde549041878a27a0f089c1e3a7dddda1,1667839503,3,0x63bb9683a3b5b14912e8f5722c9f9b6cde549041878a27a0f089c1e3a7dddda1,sender,recipient,0.0005,-0.020361843855391023,508142505918584021408773029637,0,41135036073349.875,37170
mypool,36062046,0x7fd7e85b0f28897732daae6be7d704c993802ee67967c6c9604b7b28a69b553f,1667839545,3,0x7fd7e85b0f28897732daae6be7d704c993802ee67967c6c9604b7b28a69b553f,sender,recipient,4.9111468538304e-05,-0.002,508142503469617577995512770812,0,41135035676853.53,37170
mypool,36062346,0x8d11279d101ae85687ce3ef52d64b350ca9412badae3acaf31ac7896a09a31ce,1667839636,6,0x8d11279d101ae85687ce3ef52d64b350ca9412badae3acaf31ac7896a09a31ce,sender,recipient,0.6320338676702609,-25.73715203601656,508110988758774963083708712407,0,41129933491752.75,37169
mypool,36063724,0x3b344c498c595ad40068b77dbe9deb0ab347612d1d61c794cbc7ffd38c9b2856,1667840032,3,0x3b344c498c595ad40068b77dbe9deb0ab347612d1d61c794cbc7ffd38c9b2856,sender,recipient,2.4558780595592e-05,-0.001,508110987534291741377078582994,0,41129933293516.875,37169
mypool,36064081,0x447349c122f98e6b37b5f3c2e1f7f570dd751da63ee94c77c88166c2a634268d,1667840135,3,0x447349c122f98e6b37b5f3c2e1f7f570dd751da63ee94c77c88166c2a634268d,sender,recipient,0.000245587812466108,-0.01,508110975289459524310777288870,0,41129931311158.14,37169
mypool,36064230,0xa525578a1db39220a6047df3638e9628ffcf11e31f50891f6677fe1ccef25c5f,1667840183,3,0xa525578a1db39220a6047df3638e9628ffcf11e31f50891f6677fe1ccef25c5f,sender,recipient,2.4558781897631e-05,-0.001,508110974064976302604147159457,0,41129931112922.27,37169
mypool,36064659,0xf3187783743bf4e2d1e2f87957cef4c886ddaa4a7e814370b89b8d4ef6bf9b9e,1667840304,3,0xf3187783743bf4e2d1e2f87957cef4c886ddaa4a7e814370b89b8d4ef6bf9b9e,sender,recipient,2.4558782015997e-05,-0.001,508110972840493080897517030044,0,41129930914686.4,37169
mypool,36064669,0x9e9592a7ceee1558fe1aa0fb9a88c86ce3e43d0485410b7280807b8c129463fa,1667840308,3,0x9e9592a7ceee1558fe1aa0fb9a88c86ce3e43d0485410b7280807b8c129463fa,sender,recipient,2.0,-81.42128399822012,508011273844347449843353379920,0,41113791879152.76,37165
mypool,36068719,0x287d4d3c4a828375319e435150f83014a2b350d222486fef43404282282af9b6,1667841493,3,0x287d4d3c4a828375319e435150f83014a2b350d222486fef43404282282af9b6,sender,recipient,4.9136845267858e-05,-0.002,508011271395381006430093121095,0,41113791482758.81,37165
mypool,36068911,0xd58ccc841ff65aad22537118bc71bef76b1c1f116fbe93d7cd501d5184d16f13,1667841550,25,0xd58ccc841ff65aad22537118bc71bef76b1c1f116fbe93d7cd501d5184d16f13,sender,recipient,2.454042202379072,-99.86198683775045,507888992068011892656986429983,0,41094001521383.78,37160
mypool,36068993,0x72c528f45b7e1ce5e7b093b0e2d1371c8e55264f5b3db92b2270b8810379aca0,1667841577,10,0x72c528f45b7e1ce5e7b093b0e2d1371c8e55264f5b3db92b2270b8810379aca0,sender,recipient,2.4538382963830214,-99.80563291892254,507766781745070861078405248838,0,41074227487865.27,37155
mypool,36069335,0x02fa84757d4251b04f938e7f44b6ca302d41697504e7c3e9eb1c93a15e113e8c,1667841669,3,0x02fa84757d4251b04f938e7f44b6ca302d41697504e7c3e9eb1c93a15e113e8c,sender,recipient,0.3,-12.198686701887258,507751844657877544343172341648,0,41071810944226.43,37155
mypool,36069368,0xccffaf0ac7f7d3214c2c62b82598e75dedb0e7e2859a13b859598d3f5d5dcbfd,1667841678,4,0xccffaf0ac7f7d3214c2c62b82598e75dedb0e7e2859a13b859598d3f5d5dcbfd,sender,recipient,0.3,-12.197969020095448,507736908449473540204082923309,0,41069394613842.17,37154
mypool,36069376,0xe35acef1ebaa366089d7908287a93c7f1478f79d407dd7776cbcf8e0aeb7926a,1667841680,7,0xe35acef1ebaa366089d7908287a93c7f1478f79d407dd7776cbcf8e0aeb7926a,sender,recipient,2.4598518134986027,-99.9902609631133,507614472052590140533453552500,0,41049589938079.4,37149
mypool,36069431,0x31cc26dfaa975951c4bf5fcee9900c16f4f4369594f8d471d706e3107ac8a61d,1667841696,3,0x31cc26dfaa975951c4bf5fcee9900c16f4f4369594f8d471d706e3107ac8a61d,sender,recipient,0.47,-19.0994941983645,507591085042401160078409443608,0,41045807520060.93,37148
mypool,36069531,0x69380a5dbd62856359ca3fa7376ab3b3332bf4d1d4789f4a2415c4e6bd5ded41,1667841725,7,0x69380a5dbd62856359ca3fa7376ab3b3332bf4d1d4789f4a2415c4e6bd5ded41,sender,recipient,2.4647055139575276,-100.1299778252777,507468477564564250604265525914,0,41025980871064.01,37143
mypool,36069607,0x982aac2b65d5553107561dba8c2a6d7a696ee064a295f0bb364b0ef1a69b2cc9,1667841749,3,0x982aac2b65d5553107561dba8c2a6d7a696ee064a295f0bb364b0ef1a69b2cc9,sender,recipient,2.4621008226784e-05,-0.001,507468476340081028897635396501,0,41025980673078.805,37143
mypool,36069702,0xf3077ca1e071a3f3d938a9b59e96f0af4a53109a7f08fd121f541b3d391e4195,1667841778,3,0xf3077ca1e071a3f3d938a9b59e96f0af4a53109a7f08fd121f541b3d391e4195,sender,recipient,2.4621008345602e-05,-0.001,507468475115597807191005267088,0,41025980475093.6,37143
mypool,36070052,0xd0a1d864c8941837783330504a6bd600d837cc07b869cd5d6279f451e696450b,1667841881,3,0xd0a1d864c8941837783330504a6bd600d837cc07b869cd5d6279f451e696450b,sender,recipient,0.00345,-0.1401241889354003,507468303535879500543511897469,0,41025952732582.18,37143
mypool,36070157,0x9e44f188c637f0c54edbd8f7b4e835a62d8fda4568a6ee6069abb1b86e9ffaae,1667841913,3,0x9e44f188c637f0c54edbd8f7b4e835a62d8fda4568a6ee6069abb1b86e9ffaae,sender,recipient,0.75,-30.45953106803565,507431006351145639061367881078,0,41019922419765.4,37142
mypool,36070235,0x193f431fa9c7320c9f6907ca9987d653d924f942cd48bf3731255c73e3fe7348,1667841937,3,0x193f431fa9c7320c9f6907ca9987d653d924f942cd48bf3731255c73e3fe7348,sender,recipient,0.025,-1.0152405926654813,507429763206073924684204575259,0,41019721432236.87,37142
mypool,36070364,0x38a3efb26688b6859fe79aa7c045ec0410e819f3fd82deeea2b927e2c9c16deb,1667841976,3,0x38a3efb26688b6859fe79aa7c045ec0410e819f3fd82deeea2b927e2c9c16deb,sender,recipient,0.000246247658250069,-0.01,507429750961241707617903281135,0,41019719452535.88,37142
mypool,36070468,0xe0a7e279bf8f4be4cc1f02367705f708a9d4fd8a9b70c38ef32d262150fd6bf0,1667842007,3,0xe0a7e279bf8f4be4cc1f02367705f708a9d4fd8a9b70c38ef32d262150fd6bf0,sender,recipient,2.4624766478652e-05,-0.001,507429749736758485911273151722,0,41019719254565.79,37142
mypool,36070628,0xebeba04a662ccb8449444ad4618b2902b8f5948034744ecdb1b2717944a7cf6b,1667842052,10,0xebeba04a662ccb8449444ad4618b2902b8f5948034744ecdb1b2717944a7cf6b,sender,recipient,7.709498927371506,-312.8427160246267,507046679079953198545348669633,0,40957809129753.01,37127
mypool,36096759,0x400c677f03a2b894953fb62edd0f70cd904b776806b9e028ca12cd2a9dd04f27,1667849924,3,0x400c677f03a2b894953fb62edd0f70cd904b776806b9e028ca12cd2a9dd04f27,sender,recipient,0.00012330994304624,-0.005,507046672997657801414535643915,0,40957808147131.48,37127
mypool,36096861,0xd9f013ef6c9e89544621525e0d6d13ec8241c4109969cad8d4c247be4af68c2f,1667849954,3,0xd9f013ef6c9e89544621525e0d6d13ec8241c4109969cad8d4c247be4af68c2f,sender,recipient,2.4661988964249e-05,-0.001,507046671781198721988373038771,0,40957807950607.17,37127
mypool,36097240,0xb6928be44e1330adf9fd67a6504c1bd22b755b9b18e51ab0be283a9d1ed49e95,1667850063,3,0xb6928be44e1330adf9fd67a6504c1bd22b755b9b18e51ab0be283a9d1ed49e95,sender,recipient,4.9323978283497e-05,-0.002,507046669348280563136047828484,0,40957807557558.56,37127
mypool,36097877,0x695ddba6d53f21b1c9c0090799dc81adfff571ba2446e7779935108f82977711,1667850250,3,0x695ddba6d53f21b1c9c0090799dc81adfff571ba2446e7779935108f82977711,sender,recipient,1e-06,-4.0548229478038e-05,507046669298955301232832368816,0,40957807549589.85,37127
mypool,36097960,0x2970b8365d746e5827fdcf22297283642f237384240b384e70006e896d199944,1667850274,3,0x2970b8365d746e5827fdcf22297283642f237384240b384e70006e896d199944,sender,recipient,0.000246619898565476,-0.01,507046657134364506971206317381,0,40957805584346.836,37127
mypool,36098072,0xe2d8cb52576f54b14e1bced426e5ad8f7047875d9f172b5d9e8266302484e7f6,1667850311,3,0xe2d8cb52576f54b14e1bced426e5ad8f7047875d9f172b5d9e8266302484e7f6,sender,recipient,0.002466199636489135,-0.1,507046535488456564354945803038,0,40957785931919.27,37127
mypool,36098232,0xaf426fa1cd149587ef05ab3b413b407ea473f35063e8166d51d688cf6b17e175,1667850359,3,0xaf426fa1cd149587ef05ab3b413b407ea473f35063e8166d51d688cf6b17e175,sender,recipient,0.0044391623276873,-0.18,507046316525822267645676877220,0,40957750557561.54,37127
mypool,36098278,0x83246477a6711275099272d105c6ffffc5c6a42ab1ec511e51f4214012c481d0,1667850373,3,0x83246477a6711275099272d105c6ffffc5c6a42ab1ec511e51f4214012c481d0,sender,recipient,2.4662023640795e-05,-0.001,507046315309363188219514272076,0,40957750361037.375,37127
mypool,36099486,0xeb98e479b295cc49eb09eb29bb6eeaebcda4c46cc99cd09b783efa441dc5e292,1667850747,7,0xeb98e479b295cc49eb09eb29bb6eeaebcda4c46cc99cd09b783efa441dc5e292,sender,recipient,4.205,-170.43534855795536,506838987682154700686935529437,0,40924262544049.195,37119
mypool,36099609,0x193589d8b6b9ced95c2aabb6f9c94db7fc642129dfeb381ca01e928767be99e6,1667850782,3,0x193589d8b6b9ced95c2aabb6f9c94db7fc642129dfeb381ca01e928767be99e6,sender,recipient,0.001569,-0.063568056553778,506838910354215144367911972759,0,40924250056498.97,37119
mypool,36099930,0x086d305e5dfde1cf4780ea35bb231adf29cd8e16537cc0416167509abb2a1b20,1667850867,3,0x086d305e5dfde1cf4780ea35bb231adf29cd8e16537cc0416167509abb2a1b20,sender,recipient,0.0001,-0.004051500716196738,506838905425730312848789382729,0,40924249260606.86,37119
mypool,36126928,0xdff6ad9bd62beed80ff12998eabefa0aa95e7407de02d9b0f1280813fbd2740a,1667858774,3,0xdff6ad9bd62beed80ff12998eabefa0aa95e7407de02d9b0f1280813fbd2740a,sender,recipient,1.2,-48.61237682654654,506780199618319004140100968716,0,40914769514941.164,37116
mypool,36191471,0x01093c1a1e1d7172bfb0d5da9169e30416dca2aefc01689f50490a0f8e5bace2,1667879256,10,0x01093c1a1e1d7172bfb0d5da9169e30416dca2aefc01689f50490a0f8e5bace2,sender,recipient,-0.8218542652393472,33.96830036643991,506819980151552538428094272306,0,40921193109354.1,37118
mypool,36191478,0x6e5f6dd76550c8f372d3fa3e203e75ceab17925deb2e5d6bad010f802fcfb699,1667879258,3,0x6e5f6dd76550c8f372d3fa3e203e75ceab17925deb2e5d6bad010f802fcfb699,sender,recipient,-0.48383449996797673,20.0,506843402302678378543024123339,0,40924975456356.81,37119
mypool,36191637,0x72d419567896e6948bce59d7e01b536aa09983b7da48e2b33e0cef47e05163bf,1667879294,6,0x72d419567896e6948bce59d7e01b536aa09983b7da48e2b33e0cef47e05163bf,sender,recipient,-4.113411099514348,170.1085,507042617652417877202551351566,0,40957152990922.28,37127
mypool,36191877,0xad6c280909860b74eacf32ddc75729efce07bcfb31008f79f167e75ead4c145a,1667879360,16,0xad6c280909860b74eacf32ddc75729efce07bcfb31008f79f167e75ead4c145a,sender,recipient,-0.03625727734368571,1.5,507044374313752315211171090393,0,40957436785495.58,37127
mypool,36191883,0x8d24c65307f61e65478baec7d14d44087fda3d2e69f37cee0f27bdbff1aea95f,1667879363,21,0x8d24c65307f61e65478baec7d14d44087fda3d2e69f37cee0f27bdbff1aea95f,sender,recipient,-11.584381061319517,479.790242,507606260291593685270946142414,0,41048261817178.37,37149
mypool,36192151,0x7ba578107c116f01f77cdf492e20b6e134bdc9948a99780fce40693a6394318a,1667879442,3,0x7ba578107c116f01f77cdf492e20b6e134bdc9948a99780fce40693a6394318a,sender,recipient,-0.4823367798518605,20.0,507629682442719525385875993447,0,41052050031975.82,37150
mypool,36192187,0xb10f564b99f27b5e818984269335c1124d5e554c01f340d6b9a9c13de587de0f,1667879452,3,0xb10f564b99f27b5e818984269335c1124d5e554c01f340d6b9a9c13de587de0f,sender,recipient,-0.4822922716439957,20.0,507653104593845365500805844480,0,41055838421566.414,37151
mypool,36192218,0xbff9eda729bb1c82d244d593043d1977408fc224367c8afc8d9056a72a845cba,1667879461,3,0xbff9eda729bb1c82d244d593043d1977408fc224367c8afc8d9056a72a845cba,sender,recipient,-0.48224776959641946,20.0,507676526744971205615735695513,0,41059626985950.15,37152
mypool,36192253,0x3d244f1f9fd97287d9f3cfdf477852869fe0d51782b603cd44ea462dde33e842,1667879471,3,0x3d244f1f9fd97287d9f3cfdf477852869fe0d51782b603cd44ea462dde33e842,sender,recipient,-0.48220327370799504,20.0,507699948896097045730665546546,0,41063415725127.02,37153
mypool,36192282,0xe6c77df20a436f0fd48ee99b498638b503bc96b94c0c3c7aa9493f5dc3793077,1667879479,3,0xe6c77df20a436f0fd48ee99b498638b503bc96b94c0c3c7aa9493f5dc3793077,sender,recipient,-0.4821587839775859,20.0,507723371047222885845595397579,0,41067204639097.04,37153
mypool,36192317,0xe3f59afc851c42ee545d3fc45e300bce91b7af19bf8cd06e9edad590908b03ca,1667879488,3,0xe3f59afc851c42ee545d3fc45e300bce91b7af19bf8cd06e9edad590908b03ca,sender,recipient,-0.4821143004040557,20.0,507746793198348725960525248612,0,41070993727860.195,37154
mypool,36192349,0x696ba1bfd3423b42c14704f8fa834f577fa90eee837f2b7a38e37744bb41e2eb,1667879497,3,0x696ba1bfd3423b42c14704f8fa834f577fa90eee837f2b7a38e37744bb41e2eb,sender,recipient,-0.4820698229862685,20.0,507770215349474566075455099645,0,41074782991416.49,37155
mypool,36193141,0x3173190a718f6f25970375ae09a6521623221c353a436cf4b4978c5801e92be7,1667879705,6,0x3173190a718f6f25970375ae09a6521623221c353a436cf4b4978c5801e92be7,sender,recipient,-9.030581784641805,375.0,508209380683084068230389806524,0,41145864047139.51,37173
mypool,36193242,0x7978329745d1382f01868a8962c87a31baf27c87c5ff162c03188d4fcdf04178,1667879732,3,0x7978329745d1382f01868a8962c87a31baf27c87c5ff162c03188d4fcdf04178,sender,recipient,-5.004640380373665,208.1,508453088165548434626234906528,0,41185335806757.86,37182
mypool,36194839,0x31434a20b7959d78ebd7c8f7b91cb5fe1aace63a670c82b1a96bed52001f317f,1667880141,3,0x31434a20b7959d78ebd7c8f7b91cb5fe1aace63a670c82b1a96bed52001f317f,sender,recipient,-17.147594381159372,714.5520078013617,509302839704313190334381029993,0,41323112714358.21,37216
mypool,36198804,0xa268040bf7d970275d61b2ed502a0e50226d9e02923b5a87ac932764f25eeb95,1667881162,8,0xa268040bf7d970275d61b2ed502a0e50226d9e02923b5a87ac932764f25eeb95,sender,recipient,-0.045265101998064584,1.889397182886768,509305099420847360501220148112,0,41323479406710.66,37216
mypool,36211247,0xf5dd74e3435e643ff6499a3bea3003c128323f5f45ac427979344a35325fceb3,1667884781,3,0xf5dd74e3435e643ff6499a3bea3003c128323f5f45ac427979344a35325fceb3,sender,recipient,-2.4913032482662563,104.01461067428183,509429500757773686157874438736,0,41343668970553.61,37221
mypool,36212507,0x1c34f26888e4abf8768ca58e007afdef1e3c0b6b817b1f172371eff5909875ee,1667885129,4,0x1c34f26888e4abf8768ca58e007afdef1e3c0b6b817b1f172371eff5909875ee,sender,recipient,11.06695654964579,-462.9274466419636,514715639348520047464945316576,0,42206132791574.945,37427
mypool,36212507,0x61a1d7521562e5ba6fdd460cd72f025354f6aeefae8fb95a63074227df1f8a8e,1667885129,18,0x61a1d7521562e5ba6fdd460cd72f025354f6aeefae8fb95a63074227df1f8a8e,sender,recipient,4.6875,-195.77238798187028,514477950113035765282201948909,0,42167161264944.21,37418
mypool,36212506,0x9888da79a3024b34dc732e9708db2385984d7c19e4b8f79a7cf0f582ef3484aa,1667885129,4,0x9888da79a3024b34dc732e9708db2385984d7c19e4b8f79a7cf0f582ef3484aa,sender,recipient,-115.63643995756112,4884.5167059514415,515277684241629329474615514607,0,42298357278585.72,37449
mypool,36212508,0x04eee3f3bd236cbaa694270d2cc021fed5cd37f4ce28edd97205379d0ac97fed,1667885130,8,0x04eee3f3bd236cbaa694270d2cc021fed5cd37f4ce28edd97205379d0ac97fed,sender,recipient,0.7890857635973454,-32.938211077228026,514437959497965517162386134185,0,42160606172830.766,37416
mypool,36212511,0xb2a901988d1a597f9b4eda6a68d561925eaa19934e8fc6de1e7425904a796bc8,1667885130,2,0xb2a901988d1a597f9b4eda6a68d561925eaa19934e8fc6de1e7425904a796bc8,sender,recipient,0.010133099161583616,-0.4229450048553825,514437445996159198686406133744,0,42160522005104.73,37416
mypool,36212518,0x56ae9313ff35c0c195583727152d5a447750528dd1829fa153f13db6d719b438,1667885132,4,0x56ae9313ff35c0c195583727152d5a447750528dd1829fa153f13db6d719b438,sender,recipient,1.0,-41.73480561850333,514386775346723866540798278938,0,42152217027163.016,37414
mypool,36212519,0x5fa42ad03f2588013bfb9de523dbff1e325de5e66617598f035b20517b064dd7,1667885133,3,0x5fa42ad03f2588013bfb9de523dbff1e325de5e66617598f035b20517b064dd7,sender,recipient,2.690986914079516,-112.26699688198582,514250470850803498739203984786,0,42129880623000.97,37409
mypool,36212524,0x712870be2956bd9d88dfac000448f1f25e6792ec31e37350d46cbf937a32df9d,1667885134,3,0x712870be2956bd9d88dfac000448f1f25e6792ec31e37350d46cbf937a32df9d,sender,recipient,0.3,-12.512204917847203,514235279656315841012108411155,0,42127391587818.44,37408
mypool,36212548,0x18ba3857aa856ff488562b288a526a446820c58d915d3b5662454021bafc4110,1667885141,18,0x18ba3857aa856ff488562b288a526a446820c58d915d3b5662454021bafc4110,sender,recipient,0.15347641537985587,-6.400808707187707,514227508369753031786913539224,0,42126118312446.8,37408
mypool,36212556,0xf3fb6838fff27cc79a6afd87b256d85fa1a5f0096487cdd1d8fd439ba1c03ef7,1667885143,26,0xf3fb6838fff27cc79a6afd87b256d85fa1a5f0096487cdd1d8fd439ba1c03ef7,sender,recipient,0.3,-12.511087561124059,514212318531859467973088431437,0,42123629610668.1,37407
mypool,36212573,0xa8d08724b34b8568e5771e8ac8ad32793343fd52ecbb64b6113f83b5e2aa15a4,1667885148,14,0xa8d08724b34b8568e5771e8ac8ad32793343fd52ecbb64b6113f83b5e2aa15a4,sender,recipient,2.839366855048866,-118.37529859823067,514068597885071205458467278303,0,42100086070254.484,37402
mypool,36212579,0x0c2dade0bbf62360948617c533dd2b991c6de657d48459510282b8a4a0510476,1667885150,4,0x0c2dade0bbf62360948617c533dd2b991c6de657d48459510282b8a4a0510476,sender,recipient,0.08488,-3.53769119421755,514064302738426669884045768283,0,42099382563801.28,37402
mypool,36212585,0xd3c112fce3fe5fee3b1577fe1d5c355ebbf43611475d00f562217e91f770ceff,1667885151,3,0xd3c112fce3fe5fee3b1577fe1d5c355ebbf43611475d00f562217e91f770ceff,sender,recipient,0.3,-12.50314739555112,514049122540768402303907699577,0,42096896230829.664,37401
mypool,36212614,0x64d153cf99f174cf7fe9a500d6eda32492e0fd70e314f4b54c2b9056c0230467,1667885159,20,0x64d153cf99f174cf7fe9a500d6eda32492e0fd70e314f4b54c2b9056c0230467,sender,recipient,0.3,-12.502408987366723,514033943239618976617087256548,0,42094410118110.78,37401
mypool,36212640,0x17eb92b4ddc43327bdba775a5f0c72712d9711f925444d52aa27bfd205eac310,1667885166,17,0x17eb92b4ddc43327bdba775a5f0c72712d9711f925444d52aa27bfd205eac310,sender,recipient,0.17,-7.084370679827591,514025342033554455291025932337,0,42093001418661.266,37400
mypool,36212640,0x17eb92b4ddc43327bdba775a5f0c72712d9711f925444d52aa27bfd205eac310,1667885166,26,0x17eb92b4ddc43327bdba775a5f0c72712d9711f925444d52aa27bfd205eac310,sender,recipient,0.17,-7.084133601660763,514016741115328933144051589911,0,42091592789924.266,37400
mypool,36212652,0x2003eb62f9a1ee3d78c61193e6e6551d0c249ecd6daeb2fde2d92fe06d0f1c09,1667885169,100,0x2003eb62f9a1ee3d78c61193e6e6551d0c249ecd6daeb2fde2d92fe06d0f1c09,sender,recipient,0.5412185022010924,-22.550416924703143,513974351722509249386931911570,0,42084650745635.93,37398
mypool,36212650,0xc6f4e662c1bd0e77307c14f6db1fb9c635ec910355cebad1c8a8ec4aad15944c,1667885169,123,0xc6f4e662c1bd0e77307c14f6db1fb9c635ec910355cebad1c8a8ec4aad15944c,sender,recipient,0.3,-12.500834239077388,514001594418312141058451556210,0,42089112173405.3,37399
mypool,36212654,0x05333166930be80b6d24c7f95dcdb8d9309b07152058bb4bd094e61e788f9231,1667885170,62,0x05333166930be80b6d24c7f95dcdb8d9309b07152058bb4bd094e61e788f9231,sender,recipient,0.17,-7.082728807266424,513965795223221674596279912235,0,42083249530631.65,37398
mypool,36212654,0x05333166930be80b6d24c7f95dcdb8d9309b07152058bb4bd094e61e788f9231,1667885170,71,0x05333166930be80b6d24c7f95dcdb8d9309b07152058bb4bd094e61e788f9231,sender,recipient,0.17,-7.0824929886700305,513957239008821705549413917849,0,42081848385606.71,37398
mypool,36212677,0x2d7b4e93712447d5d236d3b2b451ad9bea734f90cc079f1d19be24411ca2fdcd,1667885175,16,0x2d7b4e93712447d5d236d3b2b451ad9bea734f90cc079f1d19be24411ca2fdcd,sender,recipient,1.0,-41.6569505984667,513906914101880099023421385992,0,42073607772337.33,37396
mypool,36212683,0x88b1e356f0254da159e84cd211ac998bbbb893c81baa993e3a120367eecc765c,1667885177,5,0x88b1e356f0254da159e84cd211ac998bbbb893c81baa993e3a120367eecc765c,sender,recipient,0.39973412415523973,-16.64942251740239,513886800276293196750715578879,0,42070314395173.5,37395
mypool,36212690,0xef6224805cd46de118cac2d3a078ad98755ee25b7336e67f0ff6cbe779792187,1667885179,3,0xef6224805cd46de118cac2d3a078ad98755ee25b7336e67f0ff6cbe779792187,sender,recipient,0.3,-12.494516363843678,513871705907544228426576318251,0,42067842973404.16,37394
mypool,36212699,0x821938dcb9883c50c65a94b2bdec67b89f31abf7eaaa23fa0000db0727950cd9,1667885181,15,0x821938dcb9883c50c65a94b2bdec67b89f31abf7eaaa23fa0000db0727950cd9,sender,recipient,1.0,-41.643087276621806,513821397748597175574903471290,0,42059606473473.62,37392
mypool,36212721,0x5fab03bdfdaf6388915e364872cef7ffe09f2f5bb9c5f24d646dd356f44d0b24,1667885188,15,0x5fab03bdfdaf6388915e364872cef7ffe09f2f5bb9c5f24d646dd356f44d0b24,sender,recipient,0.3,-12.491336251208606,513806307221677004715794423886,0,42057135995186.1,37392
mypool,36212722,0xfd882ba7f7e3aeb93989f602091079f4e5e7e065a8eb13c8f6e9d61a974efbef,1667885188,6,0xfd882ba7f7e3aeb93989f602091079f4e5e7e065a8eb13c8f6e9d61a974efbef,sender,recipient,6.942653291184986,-288.87189568752126,513457327014060581921641839882,0,42000024498278.0,37378
mypool,36212744,0xa7f7824a10a41a816702ac15f9921306a7567697bf93fd53add8734d8bfbd5d3,1667885194,5,0xa7f7824a10a41a816702ac15f9921306a7567697bf93fd53add8734d8bfbd5d3,sender,recipient,7.220099313479314,-300.0,513094903172046623674169534158,0,41940753991127.44,37364
mypool,36212755,0xa6983ad69e71db0dc94d244e811e30f9ece13ed462313bf1c16cbacae1817dca,1667885196,3,0xa6983ad69e71db0dc94d244e811e30f9ece13ed462313bf1c16cbacae1817dca,sender,recipient,0.3,-12.456038617901225,513079855287472710353047837359,0,41938293976941.125,37363
mypool,36212758,0xfdb12ab4728d3e091cd59fd8d9480391119f1380be971572a9449bcc44806a25,1667885197,4,0xfdb12ab4728d3e091cd59fd8d9480391119f1380be971572a9449bcc44806a25,sender,recipient,1.0,-41.51485258907565,513029702046219457284969668878,0,41930095492616.57,37361
mypool,36212788,0xcc8a57b7134bb14a2f8b2e9939c03d237d112baaafc6dc4c22d53dd433bbb236,1667885205,8,0xcc8a57b7134bb14a2f8b2e9939c03d237d112baaafc6dc4c22d53dd433bbb236,sender,recipient,0.3,-12.452873183091716,513014657985742361653609323616,0,41927636416110.375,37361
mypool,36212821,0xc1232442d3e93b9c352fb0ac52814c950cc0777ff9bb2794b94641895848ba19,1667885213,3,0xc1232442d3e93b9c352fb0ac52814c950cc0777ff9bb2794b94641895848ba19,sender,recipient,0.3,-12.45214286949353,512999614807542133122035573761,0,41925177555924.21,37360
mypool,36212856,0x0c34f61b1e2956c6a76fdce764637d35d5e66583ce800ab3bb08b717eae2c949,1667885222,3,0x0c34f61b1e2956c6a76fdce764637d35d5e66583ce800ab3bb08b717eae2c949,sender,recipient,0.3,-12.451412620138626,512984572511541160697530396233,0,41922718912032.73,37360
mypool,36212864,0x4495d19d39ff0e45ecd9726004506db1423a4289fd129b81bb0ed2eb6d304d0c,1667885225,5,0x4495d19d39ff0e45ecd9726004506db1423a4289fd129b81bb0ed2eb6d304d0c,sender,recipient,7.2334179011801165,-300.0,512622148669527202450058090509,0,41863502996160.23,37346
mypool,36212889,0x3769b28d96e8768d1b7258fcf3941a3a315719b343fe69c3c8aaac56d2136884,1667885231,10,0x3769b28d96e8768d1b7258fcf3941a3a315719b343fe69c3c8aaac56d2136884,sender,recipient,0.3,-12.433096081242743,512607128501360893505131567078,0,41861049775422.17,37345
mypool,36212925,0x55113578775b8a1cbf633071a589d8ed0cc338b8d1c21936e9d3d5e6c6288d94,1667885241,3,0x55113578775b8a1cbf633071a589d8ed0cc338b8d1c21936e9d3d5e6c6288d94,sender,recipient,0.3,-12.432367506705742,512592109213370527540374499080,0,41858596770317.61,37344
mypool,36212930,0xf14abc87e3951867c4445a9cde61e001dcd12010cd6f28c1338b2ba805f28766,1667885242,46,0xf14abc87e3951867c4445a9cde61e001dcd12010cd6f28c1338b2ba805f28766,sender,recipient,2.4131267897588e-05,-0.001,512592108005291054160513674172,0,41858596573012.54,37344
mypool,36212995,0x5df2f1747cf0ab86a0993260fd497622b4704b22dc74583a61e641b568ec2d3c,1667885260,5,0x5df2f1747cf0ab86a0993260fd497622b4704b22dc74583a61e641b568ec2d3c,sender,recipient,0.024131324827279105,-1.0,512590899925817674299688766486,0,41858399268173.37,37344
mypool,36213158,0x8ed9c1e8d09a051fc583f7ab3a1e81a346154803405935533b9dd9ccad91e834,1667885305,6,0x8ed9c1e8d09a051fc583f7ab3a1e81a346154803405935533b9dd9ccad91e834,sender,recipient,2.4131381757107e-05,-0.001,512590898717738200919827941578,0,41858399070868.766,37344
mypool,36213225,0xa763509e039382b68a18c37ffaab71183cfdcaaba399598e1fb62f42ee40192d,1667885324,3,0xa763509e039382b68a18c37ffaab71183cfdcaaba399598e1fb62f42ee40192d,sender,recipient,0.00050411513025,-0.02089043674813439,512590873480430375558342747988,0,41858394949089.47,37344
mypool,36213233,0x3242dd5f00321356f6a7850f25b65eb889faf1905d7d80ae90004502eb5fcb39,1667885326,16,0x3242dd5f00321356f6a7850f25b65eb889faf1905d7d80ae90004502eb5fcb39,sender,recipient,1.0,-41.435764143570026,512540815784304719359702339468,0,41850219881557.79,37342
mypool,36213271,0x95d4488095982c402c19742b7fece6f5e37247aa8d233ca49ab0987cecf6c9a8,1667885336,5,0x95d4488095982c402c19742b7fece6f5e37247aa8d233ca49ab0987cecf6c9a8,sender,recipient,0.8037951542062921,-33.3,512500586737841169994232913532,0,41843650537942.305,37341
mypool,36213376,0xde3f2d433189c8429f3c8540e832369183c4fae74d1b1726187d12ea99442713,1667885364,3,0xde3f2d433189c8429f3c8540e832369183c4fae74d1b1726187d12ea99442713,sender,recipient,1.2,-49.70443255880577,512440539833130883108920730215,0,41833845926713.23,37338
mypool,36213664,0xba6aa155fbc4221e6a04fd4c735a115472baafcf68296f79239ce87562cb30a5,1667885439,8,0xba6aa155fbc4221e6a04fd4c735a115472baafcf68296f79239ce87562cb30a5,sender,recipient,6.887789147235201,-285.06957244068093,512096153134180123226760806422,0,41777635779973.71,37325
mypool,36216109,0xb64be4fb1843bca329de7fec7dfa22612b36297d7ffa25491fbac88c2a4acda7,1667886165,3,0xb64be4fb1843bca329de7fec7dfa22612b36297d7ffa25491fbac88c2a4acda7,sender,recipient,9.99e-05,-0.004131849916000409,512096148142577052620363825707,0,41777634965527.55,37325
mypool,36222689,0x68ccce435d647379dc45666cbf7f10eb384696df6b0f886d33de38fa49d2a6c8,1667888039,4,0x68ccce435d647379dc45666cbf7f10eb384696df6b0f886d33de38fa49d2a6c8,sender,recipient,-11.962208626146627,505.3965913816708,512700556669597755245855038516,0,41876310420054.49,37349
mypool,36223885,0x0ceb519fb1d7a3d94043f6cb3d01ed88e5fb942b89ab7b0889b1abf5f9788c7e,1667888374,3,0x0ceb519fb1d7a3d94043f6cb3d01ed88e5fb942b89ab7b0889b1abf5f9788c7e,sender,recipient,0.8606012273604016,-35.67541712097964,512657461148218224488058246173,0,41869270811610.77,37347
mypool,36225402,0x61539f571b22cf6314012c240c79be7e7d907639844b495fe7bcf4c235197974,1667888796,13,0x61539f571b22cf6314012c240c79be7e7d907639844b495fe7bcf4c235197974,sender,recipient,2.3834530211361367,-98.77251189680166,512538145012860262183979173245,0,41849783732562.25,37342
mypool,36226117,0x1f0d4402b36b258802cbaf426ec8efa9328990a9eb43f84800a443f29741ede7,1667889001,8,0x1f0d4402b36b258802cbaf426ec8efa9328990a9eb43f84800a443f29741ede7,sender,recipient,1.3574851430324448,-56.234900768940854,512470213855667470446529268092,0,41838691032955.73,37340
mypool,36226720,0x0e8e3d40ccc876fbf21cc3ede880fa7dcefeb77633add6ec2e6097ef8dadebac,1667889168,3,0x0e8e3d40ccc876fbf21cc3ede880fa7dcefeb77633add6ec2e6097ef8dadebac,sender,recipient,7.0,-289.7441036943632,512120206084966161080221712803,0,41781560429711.93,37326
mypool,36228947,0x04a99c1b043ed8c65492be6c1e393e81e5407b25579b8cd4f8fb18404f23c123,1667889787,4,0x04a99c1b043ed8c65492be6c1e393e81e5407b25579b8cd4f8fb18404f23c123,sender,recipient,2.417576084031e-05,-0.001,512120204876976882822068384896,0,41781560232603.22,37326
mypool,36228972,0xd8b000794a7d6147ae0b8aeffe940f44f2e1024bcf8b08fc79e3d3c312db4822,1667889794,6,0xd8b000794a7d6147ae0b8aeffe940f44f2e1024bcf8b08fc79e3d3c312db4822,sender,recipient,1.0,-41.359709212582146,512070242791696208617898323351,0,41773408271292.54,37324
mypool,36229155,0x323480156f40acee1a33e7434a3676bc527a81186e09be3e4fd4dcab1ea15061,1667889846,7,0x323480156f40acee1a33e7434a3676bc527a81186e09be3e4fd4dcab1ea15061,sender,recipient,2.4180478780908e-05,-0.001,512070241671778623068121290844,0,41773408088572.39,37324
mypool,36229241,0xfa9b6a79085dd2d5830927b58d8fb991db3e8925e0454648a3764624d653fd22,1667889872,10,0xfa9b6a79085dd2d5830927b58d8fb991db3e8925e0454648a3764624d653fd22,sender,recipient,0.16847052491139428,-6.967105946412884,512062439087308846856536204123,0,41772135067664.54,37324
mypool,36229275,0x8bb25353834686f721150fd87cc1c3df3e7063a2b58cd96558730e5d3bf365d5,1667889880,5,0x8bb25353834686f721150fd87cc1c3df3e7063a2b58cd96558730e5d3bf365d5,sender,recipient,0.3,-12.405987496886773,512048545403744972699680999249,0,41769868309126.5,37323
mypool,36229469,0x09620ea53f39ef1dc0adcb1256bfea7f09ea2975f2378ec761fca8403a3e44dd,1667889936,3,0x09620ea53f39ef1dc0adcb1256bfea7f09ea2975f2378ec761fca8403a3e44dd,sender,recipient,0.3,-12.40531429700016,512034652474109490150174977962,0,41767601735091.42,37323
mypool,36229538,0x143a9226cdac9bd772a843794cbdc5dfa323793ccef4778c89dc28ecb5c7b5c6,1667889954,3,0x143a9226cdac9bd772a843794cbdc5dfa323793ccef4778c89dc28ecb5c7b5c6,sender,recipient,0.3,-12.404641151907953,512020760298341033991724102425,0,41765335345539.266,37322
mypool,36229555,0xff14685f11b90c70248b43fdf318e7da28779c7cd497ade8138272547e29fb37,1667889960,3,0xff14685f11b90c70248b43fdf318e7da28779c7cd497ade8138272547e29fb37,sender,recipient,1.4060507869349,-58.12954904689279,511955659994123340474840562804,0,41754715607436.73,37319
mypool,36229564,0x8951cbfd387f36c673a7989dbd3554e9edbce75e924ca93fac0abb063ce6632b,1667889963,3,0x8951cbfd387f36c673a7989dbd3554e9edbce75e924ca93fac0abb063ce6632b,sender,recipient,0.3,-12.40081412773575,511941772104306555090305537611,0,41752450266628.164,37319
mypool,36229784,0x757ef02eb4652b0a13240ca4ceaf75aa0627c0906213ce7c3c7dc3e30be49ecc,1667890021,5,0x757ef02eb4652b0a13240ca4ceaf75aa0627c0906213ce7c3c7dc3e30be49ecc,sender,recipient,0.3,-12.400141348891944,511927884967946628069128622552,0,41750185110168.71,37318
mypool,36229810,0xd78a078d7754ccf024482fcdadf2dcda78b8a6c132f6b4bb59ade20846d63ecb,1667890029,3,0xd78a078d7754ccf024482fcdadf2dcda78b8a6c132f6b4bb59ade20846d63ecb,sender,recipient,0.3,-12.399468624796853,511913998584982245362263460108,0,41747920138038.37,37318
mypool,36229841,0x292bdd059dfb21950ba1ed91ccb0fc2aef3549b78f6b937b447b60ad1fb43419,1667890037,3,0x292bdd059dfb21950ba1ed91ccb0fc2aef3549b78f6b937b447b60ad1fb43419,sender,recipient,0.3,-12.39879595544454,511900112955352099573220009136,0,41745655350217.13,37317
mypool,36229887,0xb75539ffd7aae20108e76f61eb9615a4e0cc6f9c1fcd7b51ec30502aa6f51466,1667890052,3,0xb75539ffd7aae20108e76f61eb9615a4e0cc6f9c1fcd7b51ec30502aa6f51466,sender,recipient,10.0,-412.90865073921054,511437689296163626760074157062,0,41670267753990.15,37299
mypool,36230431,0x6318aba086f7245d008e024609066a37df6d41840be5f6f3c66b226c23fef50b,1667890204,6,0x6318aba086f7245d008e024609066a37df6d41840be5f6f3c66b226c23fef50b,sender,recipient,0.08274246026858144,-3.4133959557825677,511433866574006301373246305650,0,41669644830557.4,37299
mypool,36230514,0x9cac9cc790a0dab6c599ba59adfce363c4029ed550869f2ba1699ed859a56e46,1667890227,23,0x9cac9cc790a0dab6c599ba59adfce363c4029ed550869f2ba1699ed859a56e46,sender,recipient,1.2121672986106364,-50.0,511377870694728812521620993960,0,41660520676612.14,37297
mypool,36230525,0x248f648ce2ddeeb0c2cd5767647de655dac4ac19fa2a4ea8af5e7938d28bf8a5,1667890229,3,0x248f648ce2ddeeb0c2cd5767647de655dac4ac19fa2a4ea8af5e7938d28bf8a5,sender,recipient,2.4246000671812e-05,-0.001,511377869574811226971843961453,0,41660520494139.055,37297
mypool,36230594,0xe71c3faaa0dba9d4f19ebb80576d357a8896e22056648d819134a8353b996baa,1667890248,3,0xe71c3faaa0dba9d4f19ebb80576d357a8896e22056648d819134a8353b996baa,sender,recipient,0.3099719225653584,-12.784097787665853,511363552438883431982152011703,0,41658187772992.38,37296
mypool,36230621,0xa0561afaa353135a51e34d5d0ec3650cf855b7a00902cd8e35de02cc7c513a21,1667890257,3,0xa0561afaa353135a51e34d5d0ec3650cf855b7a00902cd8e35de02cc7c513a21,sender,recipient,2.4247358474103e-05,-0.001,511363551318965846432374979196,0,41658187590524.41,37296
mypool,36230642,0xbf549c0cb9316ea0d1511f125a86eccdce61bb478c00a062a39abcfcd9da699c,1667890264,3,0xbf549c0cb9316ea0d1511f125a86eccdce61bb478c00a062a39abcfcd9da699c,sender,recipient,2.65002732e-05,-0.001092913816028146,511363550094992444372139573516,0,41658187391102.625,37296
mypool,36230770,0xe15b91f41eba3ad29091a3306b4c82ff3b8876f11baeba8721395c65e2974967,1667890303,3,0xe15b91f41eba3ad29091a3306b4c82ff3b8876f11baeba8721395c65e2974967,sender,recipient,0.024247411746600656,-1.0,511362430177406894595107067282,0,41658004923323.9,37296
mypool,36230829,0x3ae0b93a7f8ba43e62b7da2e800e0892e2fb59515d22434ea7ac420be342b0df,1667890321,3,0x3ae0b93a7f8ba43e62b7da2e800e0892e2fb59515d22434ea7ac420be342b0df,sender,recipient,2.4247464903143e-05,-0.001,511362429057489309045330034775,0,41658004740856.32,37296
mypool,36231067,0xadc5905260f334882d7c635d09034e527139127dc7ceea4a4c4ad65fe26375c0,1667890391,9,0xadc5905260f334882d7c635d09034e527139127dc7ceea4a4c4ad65fe26375c0,sender,recipient,0.3,-12.372092168437995,511348573333899832660286942438,0,41655747265741.47,37296
mypool,36231157,0xee37dea858cf9030f9bcecfd4b40e3d54d743a253ff5a1dfe8e42d46daec171e,1667890408,3,0xee37dea858cf9030f9bcecfd4b40e3d54d743a253ff5a1dfe8e42d46daec171e,sender,recipient,0.09699596578851616,-4.0,511344093663557633552156917502,0,41655017418400.664,37296
mypool,36231310,0xa71f2f66ca34f4446faa1eb7b719215e13700a0496b517cd990221ac8eca6809,1667890451,3,0xa71f2f66ca34f4446faa1eb7b719215e13700a0496b517cd990221ac8eca6809,sender,recipient,2.4249203935445e-05,-0.001,511344092543640048002379884995,0,41655017235939.625,37296
mypool,36231463,0xa74bb81e70d086825a53137be3e9074655fb3c3b2c183be3b6a5471aae789c56,1667890494,3,0xa74bb81e70d086825a53137be3e9074655fb3c3b2c183be3b6a5471aae789c56,sender,recipient,2.4249204041664e-05,-0.001,511344091423722462452602852488,0,41655017053478.586,37296
mypool,36231638,0xe32d6e166d5407163063aee03ee422c40e781f422e82a36bc52b0c1bf670d7b5,1667890542,3,0xe32d6e166d5407163063aee03ee422c40e781f422e82a36bc52b0c1bf670d7b5,sender,recipient,2.4249204147882e-05,-0.001,511344090303804876902825819981,0,41655016871017.555,37296
mypool,36232239,0xe2a1e822aba5d35ddff57b0ee35673307b98a0bd13174fffffcd2201cbce7d7c,1667890719,5,0xe2a1e822aba5d35ddff57b0ee35673307b98a0bd13174fffffcd2201cbce7d7c,sender,recipient,0.3352465721279902,-13.824636007391907,511328607850826374049206292114,0,41652494451813.75,37295
mypool,36232293,0xfba43969f4d716343bb4428549e01e1c922a0a6b869e1bdfae270f6615376f80,1667890734,10,0xfba43969f4d716343bb4428549e01e1c922a0a6b869e1bdfae270f6615376f80,sender,recipient,1.006458622773374,-41.498524913288016,511282132923001607264827649124,0,41644923161372.12,37293
mypool,36232367,0xc05ae4cdb88f38fe292e44ea2bd13ba20c8b5a0d6e650f49adf249b3f016a0b9,1667890755,7,0xc05ae4cdb88f38fe292e44ea2bd13ba20c8b5a0d6e650f49adf249b3f016a0b9,sender,recipient,8.06461117955114,-332.2496366821016,510910040712088797391295437258,0,41584329951018.13,37279
mypool,36232672,0xb2a64a092f40445711d87d00159fd2d36722f9b0eebb786a6ad0544d2218fc51,1667890836,3,0xb2a64a092f40445711d87d00159fd2d36722f9b0eebb786a6ad0544d2218fc51,sender,recipient,4e-05,-0.001646739460116145,510910038867876317188478585577,0,41584329650807.39,37279
mypool,36232978,0xe56d7f23f773ef831ae2719bcbe4d1f65f3a71f1ba553d2ce19da059a92114bc,1667890925,5,0xe56d7f23f773ef831ae2719bcbe4d1f65f3a71f1ba553d2ce19da059a92114bc,sender,recipient,5.142663488848007,-211.61746382976594,510673044748723918437873955536,0,41545759432695.77,37269
mypool,36233978,0x8a1291369a4e59d4a61f65eb1fdb789d2d4d34025bf86f0eb24666e49bcfc13a,1667891193,6,0x8a1291369a4e59d4a61f65eb1fdb789d2d4d34025bf86f0eb24666e49bcfc13a,sender,recipient,0.6736155641726974,-27.704328164892924,510642018184416212867884532644,0,41540711259380.39,37268
mypool,36241169,0x2afb601a8705f18e8c6d91d1fda98c8ba9dbc927aa7c2fe50db58fd727738daf,1667893183,2,0x2afb601a8705f18e8c6d91d1fda98c8ba9dbc927aa7c2fe50db58fd727738daf,sender,recipient,0.04503599627370496,-1.8521115536402672,510639952955105035025756160138,0,41540375247387.805,37268
mypool,36243372,0xe8842bdbab7392c005f3b526e628fd1a5f3c2ac47bd648f2b05229f6651574e8,1667893766,2,0xe8842bdbab7392c005f3b526e628fd1a5f3c2ac47bd648f2b05229f6651574e8,sender,recipient,0.027021597764222974,-1.1112597411880731,510638713825536774005851649409,0,41540173642149.14,37268
mypool,36245958,0xe2a5d323f7c969e50df222107c3d5c70d7a55d4c150acb0123d78e869c70f10e,1667894470,9,0xe2a5d323f7c969e50df222107c3d5c70d7a55d4c150acb0123d78e869c70f10e,sender,recipient,1.008,-41.45001796581421,510592494259612898585298929937,0,41532654110821.57,37266
mypool,36246046,0xaee5642bb0d7205ef852d117e59463c811f62f6447a8646ab14bca40ce88d574,1667894498,3,0xaee5642bb0d7205ef852d117e59463c811f62f6447a8646ab14bca40ce88d574,sender,recipient,2.4320646824345e-05,-0.001,510592493144545446455486077443,0,41532653929417.766,37266
mypool,36246132,0x4d45657b8e7df97c51153814e2b0594427eb516dcaf91719cf72dfcac828c505,1667894521,5,0x4d45657b8e7df97c51153814e2b0594427eb516dcaf91719cf72dfcac828c505,sender,recipient,0.03648108982110359,-1.5,510590820543367251736207337875,0,41532381824155.555,37266
mypool,36246649,0x08f5601025565bd4e70be60934ce7d46311216cf5bf7a181ced5584a123a82ed,1667894657,6,0x08f5601025565bd4e70be60934ce7d46311216cf5bf7a181ced5584a123a82ed,sender,recipient,0.6703466654411511,-27.561023732433156,510560088142855838191315925595,0,41527382316415.95,37265
mypool,36247080,0xfafe7406a19b385611b3a6f56d5f06905d641479d03973e7f0c96b027ed88218,1667894776,4,0xfafe7406a19b385611b3a6f56d5f06905d641479d03973e7f0c96b027ed88218,sender,recipient,2.6756107700563e-05,-0.0011,510560086916281640848521787852,0,41527382116884.43,37265
mypool,36247189,0x235099c9ae66b68e64b59c2748c4a9eec6ba2fead46663fc0dac77f689be9084,1667894810,36,0x235099c9ae66b68e64b59c2748c4a9eec6ba2fead46663fc0dac77f689be9084,sender,recipient,0.27515257667492127,-11.311823063309312,510547473470559493279600182473,0,41525330264718.836,37264
mypool,36247264,0xafdd55d24e985bbf1e7159c83ea9f3e7399d529a94c34734bff6946dbb146a03,1667894831,12,0xafdd55d24e985bbf1e7159c83ea9f3e7399d529a94c34734bff6946dbb146a03,sender,recipient,0.02,-0.822200062784447,510546556662030343254143489382,0,41525181127783.45,37264
mypool,36247331,0x5b561f212f68b40f607639fe08a58b0f8d4b8a576d4912acfe70fae370cd2781,1667894849,6,0x5b561f212f68b40f607639fe08a58b0f8d4b8a576d4912acfe70fae370cd2781,sender,recipient,0.3,-12.332646602270902,510532804929205531645649668658,0,41522944170161.055,37264
mypool,36247427,0x47527538100364aebaff54442ed818cb0c8d7f7990fda7599c0c3c4c25b3fac1,1667894875,11,0x47527538100364aebaff54442ed818cb0c8d7f7990fda7599c0c3c4c25b3fac1,sender,recipient,0.3,-12.33198225269923,510519053937175304244229701281,0,41520707393290.836,37263
mypool,36247427,0x6d4cdd21ef11bf6d28aa901742e98e505fd88a3bc1a9188ce1c198f47e002a84,1667894875,15,0x6d4cdd21ef11bf6d28aa901742e98e505fd88a3bc1a9188ce1c198f47e002a84,sender,recipient,0.1,-4.110513126939873,510514470437775901249970233137,0,41519961841164.55,37263
mypool,36247427,0x939a80afca33a424fd86d93b1b294a8e7939110f9853fa77f3663b741bfd96de,1667894875,21,0x939a80afca33a424fd86d93b1b294a8e7939110f9853fa77f3663b741bfd96de,sender,recipient,3e-05,-0.001233142863361197,510514469062738430489738162135,0,41519961617501.92,37263
mypool,36247447,0x3511fb009e4b1db632175099c485bf945a1847ad1aeea9aac3a14cb5a589d730,1667894880,3,0x3511fb009e4b1db632175099c485bf945a1847ad1aeea9aac3a14cb5a589d730,sender,recipient,2.4328081552983e-05,-0.001,510514467947670978359925309641,0,41519961436125.84,37263
mypool,36247457,0x87996362832ba5b75c323d5b069de71e0ca41c83ee33fdad3bd108065e146aaa,1667894883,3,0x87996362832ba5b75c323d5b069de71e0ca41c83ee33fdad3bd108065e146aaa,sender,recipient,0.3,-12.331096416480708,510500717943407886151772315221,0,41517724900260.96,37263
mypool,36247487,0x274930ffd9274d82c700798835e9493c18603c3dd8dd54fd56f75bbe13cf1836,1667894891,3,0x274930ffd9274d82c700798835e9493c18603c3dd8dd54fd56f75bbe13cf1836,sender,recipient,0.3,-12.330432192164272,510486968679799710114595913634,0,41515488545102.83,37262
mypool,36247495,0xc3658d31dc807ff5c54dec2e42b7df38bc608e077e4d7533f21ca6c6db901e49,1667894894,6,0xc3658d31dc807ff5c54dec2e42b7df38bc608e077e4d7533f21ca6c6db901e49,sender,recipient,0.23513658020846775,-9.66398789828961,510476192681436550974374178272,0,41513735841734.38,37262
mypool,36247549,0x7ec8030072cd5efe1ed287bf3405361633676379ae34207f67423ebad5d95005,1667894908,3,0x7ec8030072cd5efe1ed287bf3405361633676379ae34207f67423ebad5d95005,sender,recipient,0.3,-12.32924748964344,510462444738851596373723235579,0,41511499808870.54,37261
mypool,36247583,0xae1097b52da50696410f288e2fce48c320856a4e63310b6f523ebc45f14211f9,1667894916,3,0xae1097b52da50696410f288e2fce48c320856a4e63310b6f523ebc45f14211f9,sender,recipient,0.3,-12.328583414710263,510448697536754985532276877289,0,41509263956659.25,37261
mypool,36247668,0x32ccf25f68c27b31da0a5de14e17c0469627be6e9cf5377145b782d2c76e6a52,1667894941,3,0x32ccf25f68c27b31da0a5de14e17c0469627be6e9cf5377145b782d2c76e6a52,sender,recipient,0.3,-12.327919393428008,510434951075086894056228584766,0,41507028285081.055,37260
mypool,36247726,0xebc3fa9246383f863837c753327f5e05883106af7ce03255db5313f4aefce853,1667894957,3,0xebc3fa9246383f863837c753327f5e05883106af7ce03255db5313f4aefce853,sender,recipient,0.3,-12.327255425790892,510421205353787503995918678750,0,41504792794116.51,37259
mypool,36247811,0xfad08194a32862141eb88322a88192379ce1784412e72da9358b320dcba60237,1667894982,3,0xfad08194a32862141eb88322a88192379ce1784412e72da9358b320dcba60237,sender,recipient,0.3,-12.326591511793136,510407460372797003844966656779,0,41502557483746.13,37259
mypool,36247894,0xfe277d3245d3a47f7dee78809f660b081bdacc3c19c304f60ce2ef5f839b832a,1667895004,6,0xfe277d3245d3a47f7dee78809f660b081bdacc3c19c304f60ce2ef5f839b832a,sender,recipient,0.3107204890648466,-12.766381942056187,510393224995811959201043001459,0,41500242485010.195,37258
mypool,36248383,0xf54741b6a14c7ab1d46990668ea01f0260373cd4e3f588ca1881129164ea83cb,1667895130,6,0xf54741b6a14c7ab1d46990668ea01f0260373cd4e3f588ca1881129164ea83cb,sender,recipient,18.75,-769.0539356687414,509535677983215410736567895150,0,41360904774601.61,37225
mypool,36248425,0xd91d77ebb7f7b046d1ebe53a69cc48d1dc3caba55bb0ab58b95f618498524c60,1667895141,18,0xd91d77ebb7f7b046d1ebe53a69cc48d1dc3caba55bb0ab58b95f618498524c60,sender,recipient,0.19258503406449942,-7.885700256055855,509526884895522631122056322325,0,41359477251700.5,37224
mypool,36248675,0x67f227fa4888b371483cc518a425c17f9968100c3fc013fc209220e8002196de,1667895208,4,0x67f227fa4888b371483cc518a425c17f9968100c3fc013fc209220e8002196de,sender,recipient,5e-05,-0.002047294114786531,509526882612651598786678145966,0,41359476881088.65,37224
mypool,36248951,0x232a63dda7320dbb47396877b46178bc765fce208ded4ab5b997f4da657b6726,1667895280,3,0x232a63dda7320dbb47396877b46178bc765fce208ded4ab5b997f4da657b6726,sender,recipient,2.4422480371686e-05,-0.001,509526881497584146656865293472,0,41359476700063.43,37224
mypool,36249311,0xadde9ae1352696434e99b833e4ddf38add31168b3097f8448aea74fc403a7d2d,1667895379,6,0xadde9ae1352696434e99b833e4ddf38add31168b3097f8448aea74fc403a7d2d,sender,recipient,3.4,-139.17359718793267,509371693549164057694967242368,0,41334286606581.555,37218
mypool,36249323,0x663dc9c3eddada4624d96374d5a7b08fd47c6a68ea653680696830c667b08d83,1667895383,10,0x663dc9c3eddada4624d96374d5a7b08fd47c6a68ea653680696830c667b08d83,sender,recipient,0.12177282798762955,-4.9830046864329205,509366137162824406021537841461,0,41333384836751.32,37218
mypool,36249342,0xc07d2f8677d923da5f8f67080a855e8f51188edf8985d4655f464b573c54c84e,1667895388,3,0xc07d2f8677d923da5f8f67080a855e8f51188edf8985d4655f464b573c54c84e,sender,recipient,2.443789721824e-06,-0.0001,509366137051317660808556556211,0,41333384818654.516,37218
mypool,36249510,0x81f196be8abbed4850b8021297fac22a6e1628f7747237e40aad903467e137aa,1667895430,4,0x81f196be8abbed4850b8021297fac22a6e1628f7747237e40aad903467e137aa,sender,recipient,2.443789727708e-05,-0.001,509366135936250208678743703717,0,41333384637686.41,37218
mypool,36249574,0xf5705f8323a43521e93befcb2e3b76c691dba4cc8cd1ad94a4599928c102ee65,1667895449,5,0xf5705f8323a43521e93befcb2e3b76c691dba4cc8cd1ad94a4599928c102ee65,sender,recipient,0.01,-0.40920014135483573,509365679650491176982807147067,0,41333310585545.9,37218
mypool,36249746,0x26e88c204bd8b54c9079beda06c0ac94e72caaaf7b62f855930945e83f641ae6,1667895495,3,0x26e88c204bd8b54c9079beda06c0ac94e72caaaf7b62f855930945e83f641ae6,sender,recipient,2.4437941166646e-05,-0.001,509365678535423724852994294573,0,41333310404577.95,37218
mypool,36250028,0xd603704108590a55593602598248086413747a9f37f01536ac6adec27fe89279,1667895571,22,0xd603704108590a55593602598248086413747a9f37f01536ac6adec27fe89279,sender,recipient,7.956216756686112,-325.3363383002723,509002906573589997385617808642,0,41274455922834.07,37204
mypool,36250068,0xa728d8f6b4575d8461175f26df291524786aed553f9087a441831a5a59625349,1667895581,26,0xa728d8f6b4575d8461175f26df291524786aed553f9087a441831a5a59625349,sender,recipient,0.007745463175381872,-0.31649266121359393,509002553662924640159418998159,0,41274398688620.02,37204
mypool,36250404,0x95bf4dec719baaa62e3c73c789f0564780f303015c71a501778a94efda882e8a,1667895672,6,0x95bf4dec719baaa62e3c73c789f0564780f303015c71a501778a94efda882e8a,sender,recipient,10.290657683145788,-420.0911537553903,508510193795765977014824656711,0,41194587581155.13,37184
mypool,36250663,0xdb50c477630e96215d88b10c4d665a0d6d797ef7c09e3bbbc29100123574b7b3,1667895741,12,0xdb50c477630e96215d88b10c4d665a0d6d797ef7c09e3bbbc29100123574b7b3,sender,recipient,6.25,-254.7396493357783,508207229485987164939908256987,0,41145515715607.984,37173
mypool,36250665,0x0dde741c5cdbaa46dacdc8f4a19ef39383c9edeb53f1b6ca14db2daf509b8142,1667895742,3,0x0dde741c5cdbaa46dacdc8f4a19ef39383c9edeb53f1b6ca14db2daf509b8142,sender,recipient,1.4808634047185618,-60.313065517454206,508135498578322084099618195235,0,41133901567955.75,37170
mypool,36250711,0xe57f81aec23218c8a7896dc03d30488286153c23371ec67cf8a7a6953b30420d,1667895754,12,0xe57f81aec23218c8a7896dc03d30488286153c23371ec67cf8a7a6953b30420d,sender,recipient,0.12278349398259218,-5.0,508129552030335369481087410702,0,41132938819677.1,37169
mypool,36250763,0x4b1398cff31e04b003f8e82db03d032364d84bd385c9937ef348bcde4508717c,1667895768,3,0x4b1398cff31e04b003f8e82db03d032364d84bd385c9937ef348bcde4508717c,sender,recipient,0.06,-2.4432825935098776,508126646210897887274206194950,0,41132468370552.84,37169
mypool,36250901,0xe35afca26f4dc094928a3a164985d90a95208635b9479086949fd4cf9add8320,1667895798,5,0xe35afca26f4dc094928a3a164985d90a95208635b9479086949fd4cf9add8320,sender,recipient,2.7011243567e-05,-0.001099928727620505,508126644902742095121948058656,0,41132468158764.39,37169
mypool,36251031,0x4fb1da7cc930510e2ee3b69eee8ecf5c54afddb22c0b72f6301a59d5f2194b5d,1667895833,6,0x4fb1da7cc930510e2ee3b69eee8ecf5c54afddb22c0b72f6301a59d5f2194b5d,sender,recipient,7.549667441393588,-307.2100331369711,507761277061932257799158943076,0,41073336923968.48,37155
mypool,36251365,0xb9cf09d9dbdff0e66db43e3eea2eb0bd09dea11424a2de1e8f5410cfaa29e7fa,1667895930,3,0xb9cf09d9dbdff0e66db43e3eea2eb0bd09dea11424a2de1e8f5410cfaa29e7fa,sender,recipient,15.0,-609.0689151463213,507036905555705495122066517549,0,40956230189197.086,37126
mypool,36251448,0x38d3c77380c29e626e3606f7b2ae18c13ae159bc51d5e1a1c31437a2027ac4d2,1667895954,4,0x38d3c77380c29e626e3606f7b2ae18c13ae159bc51d5e1a1c31437a2027ac4d2,sender,recipient,11.25,-455.6624781561002,506494981797285384824292801503,0,40868728499272.81,37105
