pool,block_number,block_hash,block_time,log_index,tx_hash,sender,recipient,amount0,amount1,sqrt_price_x96,liquidity,price,tick
mypool,36237857,0x71a4e595661d72eaba793a7065a65a0f799b262f7089fa4a703d0b644cf020a5,1667892271,8,0x71a4e595661d72eaba793a7065a65a0f799b262f7089fa4a703d0b644cf020a5,sender,recipient,0.09,-133.164416,3048321255302604981080262,0,1480.34281858859,-203321
mypool,36237861,0x2d8bc6cc934f3dfbc365a24a3be46ba73d94f6d2e39a45164fac2e875b126576,1667892272,16,0x2d8bc6cc934f3dfbc365a24a3be46ba73d94f6d2e39a45164fac2e875b126576,sender,recipient,0.037172162753732085,-55.0,3048319569759150425557517,0,1480.341181502962,-203321
mypool,36237885,0x9cfeb4187e1a1d83d82f4ee218e064fe9f422dc4cfab409d4665f8c4237965f9,1667892278,5,0x9cfeb4187e1a1d83d82f4ee218e064fe9f422dc4cfab409d4665f8c4237965f9,sender,recipient,0.006082721455281982,-9.0,3048319293942948771017431,0,1480.340913616309,-203321
mypool,36237921,0x1ca3e361644da2deef6ef3bb3905494fdf4d6bd6957c8e4828a5caebfc8a632e,1667892288,3,0x1ca3e361644da2deef6ef3bb3905494fdf4d6bd6957c8e4828a5caebfc8a632e,sender,recipient,0.010813729758025203,-16.0,3048318802402141179037526,0,1480.3404362070619,-203321
mypool,36237920,0x8e5234824a4272e57dd811e47036d92bbcf01a901ad04a5f106ccde90235b886,1667892288,5,0x8e5234824a4272e57dd811e47036d92bbcf01a901ad04a5f106ccde90235b886,sender,recipient,2.6483946621e-05,-0.039185,3048319292742055231553234,0,1480.3409124499406,-203321
mypool,36237930,0xfb1c465052090150983b606a1a7b2f9b1cc67ce75b9fc6030226554419040572,1667892290,3,0xfb1c465052090150983b606a1a7b2f9b1cc67ce75b9fc6030226554419040572,sender,recipient,0.082,-121.327073,3048315084182956829184294,0,1480.3368248873744,-203321
mypool,36237944,0xfb09f52282c61341c48a308c521b816fb2519a40fec63e39e6fa952bfa1c332a,1667892295,4,0xfb09f52282c61341c48a308c521b816fb2519a40fec63e39e6fa952bfa1c332a,sender,recipient,-0.10127747381686489,150.0,3048319678821182724397883,0,1480.3412874295336,-203321
mypool,36237965,0x0c75e063e5f91eebf277eb3d83f402b2bdf5755de46c9322e482db5fb2d473ec,1667892302,4,0x0c75e063e5f91eebf277eb3d83f402b2bdf5755de46c9322e482db5fb2d473ec,sender,recipient,0.000675857836756584,-1.0,3048319648174938096115651,0,1480.3412576643477,-203321
mypool,36237989,0xbad36d7270f91fa64b7b1da57984c9c3d747d6ce5d89fe5a679b4b0ef7364528,1667892308,3,0xbad36d7270f91fa64b7b1da57984c9c3d747d6ce5d89fe5a679b4b0ef7364528,sender,recipient,3.4786953941531205,-5146.815158,3048161917618520892375040,0,1480.188065718431,-203322
mypool,36238005,0x9fea90eac456996b1caf2580e6c02f476b6bbf6b2f62c2422e1f6745b9490bbe,1667892312,7,0x9fea90eac456996b1caf2580e6c02f476b6bbf6b2f62c2422e1f6745b9490bbe,sender,recipient,-0.041865599937111565,62.0,3048163816735654262396657,0,1480.1899101423612,-203322
mypool,36238059,0xc2b7bb6cab4a8a0c88b3fa2988c9fd557f32e9f7294860fde6db2f8721b181c4,1667892322,3,0xc2b7bb6cab4a8a0c88b3fa2988c9fd557f32e9f7294860fde6db2f8721b181c4,sender,recipient,-0.6789812947568616,1005.534185,3048194617174318753526272,0,1480.219823711065,-203321
mypool,36238072,0x51cb7f2d6d54d11f4c5b4337a0b9d4bd709741fab1e9552a612bb8d80c05f24d,1667892325,3,0x51cb7f2d6d54d11f4c5b4337a0b9d4bd709741fab1e9552a612bb8d80c05f24d,sender,recipient,-31.27094531127129,46332.421863,3049601577906691809734774,0,1481.5865945811508,-203312
mypool,36238069,0x7ef530d3ff3bad81320c4bf4bd91941fb2aa989be2bf8c9833b2a7c8adf279e4,1667892325,5,0x7ef530d3ff3bad81320c4bf4bd91941fb2aa989be2bf8c9833b2a7c8adf279e4,sender,recipient,0.001349781832477632,-1.996974,3048194555974540543445214,0,1480.2197642731776,-203321
mypool,36238073,0x534e9ad01751fe7a470881b9004fd173e9f4661913562ab29478c29f04b5c27d,1667892326,20,0x534e9ad01751fe7a470881b9004fd173e9f4661913562ab29478c29f04b5c27d,sender,recipient,7.986141334217101,-11824.851921,3049242641677519434907047,0,1481.2378514447848,-203315
mypool,36238074,0x973fa028acb74bbdc6f7c16c6eddbbe6cae9b9d2f7a7b9428493595cfe61824f,1667892326,3,0x973fa028acb74bbdc6f7c16c6eddbbe6cae9b9d2f7a7b9428493595cfe61824f,sender,recipient,7.62674168703052,-11290.100924,3048899937491483310678132,0,1480.9049176997182,-203317
mypool,36238079,0x0270db3c06bf2ae784e882ace3548718bc6996265c81daeca99560b8936d987c,1667892327,3,0x0270db3c06bf2ae784e882ace3548718bc6996265c81daeca99560b8936d987c,sender,recipient,4.6,-6808.295026,3048693275813174216161372,0,1480.7041659992951,-203318
mypool,36238097,0xa3b7e9a83d992f2992a308e9627735ee510d07f62add333bd4e7d44b32ca01cd,1667892332,10,0xa3b7e9a83d992f2992a308e9627735ee510d07f62add333bd4e7d44b32ca01cd,sender,recipient,0.1,-147.996119,3048688328175600224170396,0,1480.6993600178728,-203318
mypool,36238096,0xa872f382807ef6eff9a645bd2a8e15acf5c34f002d5e9abe11ae9f83f1788219,1667892332,5,0xa872f382807ef6eff9a645bd2a8e15acf5c34f002d5e9abe11ae9f83f1788219,sender,recipient,0.01,-14.799635,3048692820508297301064974,0,1480.7037237299576,-203318
mypool,36238095,0xc8f52ec5172285e034f769ba421095227c4735faf467e97cdd1b6fc7da2bfc73,1667892332,3,0xc8f52ec5172285e034f769ba421095227c4735faf467e97cdd1b6fc7da2bfc73,sender,recipient,0.000135138439546722,-0.2,3048693269742295163267088,0,1480.704160102227,-203318
mypool,36238103,0x3e9cc3303979705a61bb97d99da6d7206e537429a08a4f1b38703c04677e8011,1667892334,7,0x3e9cc3303979705a61bb97d99da6d7206e537429a08a4f1b38703c04677e8011,sender,recipient,0.7184560854585974,-1063.2743,3048656053127202349096493,0,1480.668009229993,-203318
mypool,36238104,0x6b08b1e5847713bfb5306f634ca60d9c81e2edb6d099dae74195b80433b08f57,1667892334,7,0x6b08b1e5847713bfb5306f634ca60d9c81e2edb6d099dae74195b80433b08f57,sender,recipient,0.7180699298382538,-1062.680317,3048623796108794308452679,0,1480.6366762873984,-203319
mypool,36238115,0x4b51058c560845d56f4cc7900b4e5ff9ed3761426ba55f3484e9c6c44c269d1c,1667892338,5,0x4b51058c560845d56f4cc7900b4e5ff9ed3761426ba55f3484e9c6c44c269d1c,sender,recipient,0.00067572300221246,-1.0,3048623765754399043981263,0,1480.6366468027302,-203319
mypool,36238119,0x992f5de20956493cb95adb77bc567abf1258c7047ad3788eba68afeecca95357,1667892339,3,0x992f5de20956493cb95adb77bc567abf1258c7047ad3788eba68afeecca95357,sender,recipient,0.19,-281.179515,3048615230720254122874305,0,1480.6283563296395,-203319
mypool,36238164,0x369cc29723c986e385d9996d61b0b1b96fef2a06a823c88fad14839029669478,1667892351,23,0x369cc29723c986e385d9996d61b0b1b96fef2a06a823c88fad14839029669478,sender,recipient,-0.3375239378397725,500.0,3048630400329287542464193,0,1480.6430912879534,-203319
mypool,36238208,0x7eb72ad788995b5b5371f7a7f9c87c0bc2bd0da1f8065c79a675d5869d050857,1667892363,12,0x7eb72ad788995b5b5371f7a7f9c87c0bc2bd0da1f8065c79a675d5869d050857,sender,recipient,0.010135802531727738,-15.0,3048629945013358575392960,0,1480.6426490170018,-203319
mypool,36238216,0xe7a84f7948a9ee9f382c776c8668e8430e421bdd22b1b51fcb5e782864897605,1667892365,5,0xe7a84f7948a9ee9f382c776c8668e8430e421bdd22b1b51fcb5e782864897605,sender,recipient,0.1326360520428467,-196.288018,3048623986809258418823638,0,1480.636861523839,-203319
mypool,36238242,0xb6f70626482f239bc61b9cc8c3f1f5e565e14e4e2fd85e79cf6b841cf3816241,1667892373,3,0xb6f70626482f239bc61b9cc8c3f1f5e565e14e4e2fd85e79cf6b841cf3816241,sender,recipient,1.6893072777893e-05,-0.025,3048623986050398537211852,0,1480.636860786722,-203319
mypool,36238243,0xd5f5b2fd49a441d020cbac61c9923ac1a896739f9b3443c460b32c19448a218d,1667892373,14,0xd5f5b2fd49a441d020cbac61c9923ac1a896739f9b3443c460b32c19448a218d,sender,recipient,0.7176840854605251,-1062.086966,3048591751725460963685146,0,1480.6055502167185,-203319
mypool,36238246,0x201d0f69be43a3bc69b3ee029d9cb961a5860dfb21998453697998fc7f320492,1667892374,11,0x201d0f69be43a3bc69b3ee029d9cb961a5860dfb21998453697998fc7f320492,sender,recipient,-0.3371489957593324,499.43683,3048606767305801291886281,0,1480.6201354469845,-203319
mypool,36238245,0x99de0f2c76eac719da28fc04631f52ea71fec622a55272ca4db870939d9fb069,1667892374,3,0x99de0f2c76eac719da28fc04631f52ea71fec622a55272ca4db870939d9fb069,sender,recipient,0.003,-4.439595,3048591616983796743456304,0,1480.6054193371074,-203319
mypool,36238261,0x0742bf0b758657ef32fb97e0e5fa4f05897657dc919003db2502ea55a2c07fbe,1667892378,4,0x0742bf0b758657ef32fb97e0e5fa4f05897657dc919003db2502ea55a2c07fbe,sender,recipient,-0.000675054976037355,1.0,3048606797640612647915374,0,1480.6201649124657,-203319
mypool,36238263,0xe92b27e1a88c80dc1d7ed0da2bf0155534c6ecbb824ddbabdaa4a39141b60f47,1667892379,28,0xe92b27e1a88c80dc1d7ed0da2bf0155534c6ecbb824ddbabdaa4a39141b60f47,sender,recipient,0.7172985519910176,-1061.504459,3048574580994764746452488,0,1480.5888716912584,-203319
mypool,36238273,0xa1973dac9deeff85caf0ecfb607c2614ad629fd6b96ea7e96233c68091dd6797,1667892382,7,0xa1973dac9deeff85caf0ecfb607c2614ad629fd6b96ea7e96233c68091dd6797,sender,recipient,0.7169133290957869,-1060.911964,3048542382331117182508998,0,1480.5575962672494,-203319
mypool,36238296,0x103ab3a819bbcafbd6fd6375fc79038131297c323cfb3698bf3ea6ce47cbf256,1667892388,11,0x103ab3a819bbcafbd6fd6375fc79038131297c323cfb3698bf3ea6ce47cbf256,sender,recipient,0.7165284164413366,-1060.317779,3048507057833757392928060,0,1480.52328501726,-203319
mypool,36238296,0x1a24b7e321f407b36091c43335543a435b3ee093b6643d0f2161ec7893d77f51,1667892388,3,0x1a24b7e321f407b36091c43335543a435b3ee093b6643d0f2161ec7893d77f51,sender,recipient,0.07,-103.587105,3048539238463882443449375,0,1480.5545425625392,-203319
mypool,36238300,0xc2c9475903e65290c4e9f655bd2ceeb5711c1c479c5cd99b987937f331f86989,1667892390,3,0xc2c9475903e65290c4e9f655bd2ceeb5711c1c479c5cd99b987937f331f86989,sender,recipient,0.01,-14.797828,3048506608719877965475779,0,1480.522848788316,-203319
mypool,36238318,0x73f43af529d2494aaadd99232c5f1ee3a1f5e0d32923964d836fb049318d4098,1667892395,3,0x73f43af529d2494aaadd99232c5f1ee3a1f5e0d32923964d836fb049318d4098,sender,recipient,0.2,-295.955645,3048497626470078470217955,0,1480.514124249926,-203319
mypool,36238322,0xe40a7fe9b685ecf75afa9f878b4921eecb9542e7156f743ed16fd4f9ca67a69a,1667892396,8,0xe40a7fe9b685ecf75afa9f878b4921eecb9542e7156f743ed16fd4f9ca67a69a,sender,recipient,0.35811996283441305,-529.933766,3048481542987500934559259,0,1480.4985022857804,-203320
mypool,36238330,0x1ed9cd74cad9523d03bc3c0f88d526ced3eddfebd70b0b92390bac50a6a708e6,1667892399,5,0x1ed9cd74cad9523d03bc3c0f88d526ced3eddfebd70b0b92390bac50a6a708e6,sender,recipient,0.00141836916879,-2.098843,3048481479287631196306693,0,1480.4984404139539,-203320
mypool,36238388,0x0325d8a355f643ec4f536eebd1a11fbd0701ca41296e3a17e52707f76398bd18,1667892414,6,0x0325d8a355f643ec4f536eebd1a11fbd0701ca41296e3a17e52707f76398bd18,sender,recipient,0.000135157217975518,-0.2,3048481473217633926465953,0,1480.498434518152,-203320
mypool,36238403,0xd4c7a0f7bc71190daa8579f0ac59765fde6d4d12937e23bd8f1e63757d8eeb3b,1667892419,3,0xd4c7a0f7bc71190daa8579f0ac59765fde6d4d12937e23bd8f1e63757d8eeb3b,sender,recipient,0.040547189694105375,-60.0,3048479652218452974244214,0,1480.4966657781054,-203320
mypool,36238427,0x3d905613462cdc1f49da2408880445bf8b2fe4a57cd65ee55aba415e860cce03,1667892426,17,0x3d905613462cdc1f49da2408880445bf8b2fe4a57cd65ee55aba415e860cce03,sender,recipient,0.08206420199154596,-121.434882,3048475966671419888276605,0,1480.4930860023364,-203320
mypool,36238434,0xd9337a0f827dd9842b23e5e6e6d9c5b534ecb388a75e3a108f3e981335efc076,1667892428,5,0xd9337a0f827dd9842b23e5e6e6d9c5b534ecb388a75e3a108f3e981335efc076,sender,recipient,7.8748105589e-08,-0.000116,3048475966667883273175398,0,1480.4930859989013,-203320
mypool,36238438,0x0903485a5edf0d3cff8064765a8a08281fed7c0630e607a0ddfdeae0a17f5109,1667892429,5,0x0903485a5edf0d3cff8064765a8a08281fed7c0630e607a0ddfdeae0a17f5109,sender,recipient,-0.5733019206360799,849.201303,3048501727029202495308509,0,1480.518107155952,-203319
mypool,36238454,0xb441d4f4582bffcf65428944835f31e21246de4bb4429c39cd34337855038eb3,1667892433,5,0xb441d4f4582bffcf65428944835f31e21246de4bb4429c39cd34337855038eb3,sender,recipient,-0.6953535053024176,1030.009012,3048532972158261532322392,0,1480.5484559768067,-203319
mypool,36238459,0xe5a71fcf31a65c12edcda7cb40313723e5a7a975928938c6cb0e4e8ac5bd4cfd,1667892434,5,0xe5a71fcf31a65c12edcda7cb40313723e5a7a975928938c6cb0e4e8ac5bd4cfd,sender,recipient,0.00060449021709168,-0.894529,3048532945009301564795215,0,1480.5484296065158,-203319
mypool,36238463,0xe4eecf783d4bb5e19b7a8066ac19591783ee6a2ce2a8830d8e301ed366ca66fb,1667892435,6,0xe4eecf783d4bb5e19b7a8066ac19591783ee6a2ce2a8830d8e301ed366ca66fb,sender,recipient,0.19655674188429584,-290.865427,3048524117247551605092628,0,1480.5398550494367,-203319
mypool,36238466,0x4b55c51462179695c6289d73458b66208055dd9868d283c04e09389475929165,1667892436,3,0x4b55c51462179695c6289d73458b66208055dd9868d283c04e09389475929165,sender,recipient,-0.03375456254377211,50.0,3048525633988119406547317,0,1480.5413282839152,-203319
mypool,36238490,0x0206542376f2c89052cd0996dadc7fcbce7640d83d767488529be634529574f4,1667892443,3,0x0206542376f2c89052cd0996dadc7fcbce7640d83d767488529be634529574f4,sender,recipient,0.006757665798433508,-10.0,3048525330488255914510360,0,1480.5410334895637,-203319
mypool,36238493,0xa7f25542fe6c3356c1c264149f338af17963255a295d89e706a0f4d2ed0e78a7,1667892445,3,0xa7f25542fe6c3356c1c264149f338af17963255a295d89e706a0f4d2ed0e78a7,sender,recipient,-0.002997666193310499,4.440389,3048525465186594129983027,0,1480.5411643242458,-203319
mypool,36238494,0xf81c45696b0a53de7cd6192c1663a2cbe6838eba7571ba45873b8b6c9d73fc70,1667892445,3,0xf81c45696b0a53de7cd6192c1663a2cbe6838eba7571ba45873b8b6c9d73fc70,sender,recipient,6.75766587411e-07,-0.001,3048525465156244143633823,0,1480.5411642947663,-203319
mypool,36238510,0x3381996a0df247b716e56ddab0f7ed8c4449d32d6e50a9e0b2827e5b4e7de24c,1667892449,8,0x3381996a0df247b716e56ddab0f7ed8c4449d32d6e50a9e0b2827e5b4e7de24c,sender,recipient,0.00033788329539015,-0.5,3048525449981250969031975,0,1480.5411495550488,-203319
mypool,36238514,0x6145248f580d9bafacb13e0482b24139613083890202a9581e1d6c95cddd7052,1667892450,3,0x6145248f580d9bafacb13e0482b24139613083890202a9581e1d6c95cddd7052,sender,recipient,-0.040505301509275976,60.0,3048532316293146743917986,0,1480.5478189228613,-203319
mypool,36238513,0xa0dfcbd8332d76645d1b285fee85a09a6a82b9564fc79af481b64d6db094aeae,1667892450,3,0xa0dfcbd8332d76645d1b285fee85a09a6a82b9564fc79af481b64d6db094aeae,sender,recipient,-0.1123018099345027,166.350902,3048530496204465382172359,0,1480.5460510377,-203319
mypool,36238520,0xaa99d7ce97358c3c1c7edecda71966bb13d59d7f8174c900c9abdcf7a5071df0,1667892452,61,0xaa99d7ce97358c3c1c7edecda71966bb13d59d7f8174c900c9abdcf7a5071df0,sender,recipient,0.09758559073722405,-144.407685,3048527933521852560884047,0,1480.543561859368,-203319
mypool,36238530,0x77c710d635f231658fe3a53b69fdf7293f94ea8649cf4b0f5da0be02836458dd,1667892454,8,0x77c710d635f231658fe3a53b69fdf7293f94ea8649cf4b0f5da0be02836458dd,sender,recipient,0.6640976701220472,-982.724302,3048498107852687412234642,0,1480.5145918204446,-203319
mypool,36238544,0xe601d697d81e3e277927cc32755eaf47692470a17f0604b1b7e304a81792824a,1667892458,14,0xe601d697d81e3e277927cc32755eaf47692470a17f0604b1b7e304a81792824a,sender,recipient,0.000742930772580567,-1.099369,3048498074486826635545166,0,1480.5145594119326,-203319
mypool,36238559,0x7b3586f7f4c7cceac817e9edfebd0869df6cc5e423aef75d819e5c3a0a80bcf6,1667892462,2,0x7b3586f7f4c7cceac817e9edfebd0869df6cc5e423aef75d819e5c3a0a80bcf6,sender,recipient,16.15234588102938,-23905.770447,3048386835505486615389369,0,1480.4065141236251,-203320
mypool,36238558,0xbcf663fb83fe42e2a611566dfa1de52df01164dc97123cef5f4564bd67a595e4,1667892462,12,0xbcf663fb83fe42e2a611566dfa1de52df01164dc97123cef5f4564bd67a595e4,sender,recipient,-13.66854889289122,20250.688828,3049112375312228633275336,0,1481.1112945438765,-203315
mypool,36238571,0x851c2902691156c81b7296ac93212f401c500ee7ccca937f2d32f88927e1fccd,1667892466,6,0x851c2902691156c81b7296ac93212f401c500ee7ccca937f2d32f88927e1fccd,sender,recipient,0.195876006026594,-289.83029,3048378039160114350557513,0,1480.3979704912688,-203320
mypool,36238589,0xc084ce67181c3f73a8a87283a40a4e8ca10c1a2758a1daccfb14afb8e9c0e918,1667892472,6,0xc084ce67181c3f73a8a87283a40a4e8ca10c1a2758a1daccfb14afb8e9c0e918,sender,recipient,-0.0027797895656594,4.117254,3048378164056226424868815,0,1480.398091799028,-203320
mypool,36238612,0x1d4f8e08b25416bd1349cfb2026e620d6825419f2cb7b08c5d2f6d9b924f3e68,1667892479,6,0x1d4f8e08b25416bd1349cfb2026e620d6825419f2cb7b08c5d2f6d9b924f3e68,sender,recipient,-0.07375315188288321,109.238764,3048381477793506374359405,0,1480.4013103321288,-203320
mypool,36238613,0xd500d297418192481561bdf3183e4303c285866b04b0aedf1395667b9c9c2fb2,1667892479,18,0xd500d297418192481561bdf3183e4303c285866b04b0aedf1395667b9c9c2fb2,sender,recipient,0.06823840307749687,-100.969609,3048378413367229715873845,0,1480.3983339471663,-203320
mypool,36238653,0x5eba1ef5832e619914c7075ad89047716e86b60859714314312cfa632a24cb96,1667892490,5,0x5eba1ef5832e619914c7075ad89047716e86b60859714314312cfa632a24cb96,sender,recipient,0.005406654719185807,-8.0,3048378170567338922244279,0,1480.3980981230718,-203320
mypool,36238660,0x32394d12b8ecaf619978ba9e36c4f67e1acb7f2b7ba0c934ffdc99f4eaf2da85,1667892492,5,0x32394d12b8ecaf619978ba9e36c4f67e1acb7f2b7ba0c934ffdc99f4eaf2da85,sender,recipient,0.04,-59.186281,3048376374264515885899137,0,1480.3963534297625,-203320
mypool,36238681,0x2d83c6dfc9c1147977beb4628ec969bb92899c45a355d6f6055464baa34cb26e,1667892498,18,0x2d83c6dfc9c1147977beb4628ec969bb92899c45a355d6f6055464baa34cb26e,sender,recipient,-0.02064086359437886,30.571892,3048374158132228545858222,0,1480.394200970511,-203320
mypool,36238679,0x397bd01c4ec0ef242772997cb3c151ff7c94184a0fc0348454a4601acee7f09f,1667892498,3,0x397bd01c4ec0ef242772997cb3c151ff7c94184a0fc0348454a4601acee7f09f,sender,recipient,0.07,-103.575824,3048373230739669591248712,0,1480.3933002238925,-203320
mypool,36238692,0x9a7ad5ef26e854ec9d7583c4aa4fddeb55e5d161b304f418a3a36a51aa5c6cda,1667892501,5,0x9a7ad5ef26e854ec9d7583c4aa4fddeb55e5d161b304f418a3a36a51aa5c6cda,sender,recipient,0.3445,-509.738217,3048358687584289078769981,0,1480.3791749598233,-203320
mypool,36238700,0x2899d876f75ffc47da62d54ea41c9bda9cac9dfeb93122f01504a3242f1ef0d6,1667892504,14,0x2899d876f75ffc47da62d54ea41c9bda9cac9dfeb93122f01504a3242f1ef0d6,sender,recipient,-12.441347457039532,18430.557824,3048922152767279617678332,0,1480.9264984873496,-203317
mypool,36238699,0x34e6d77ae5aea2277419fb8eedd7aee74fa56aefb825cd9da0973897218e4e46,1667892504,3,0x34e6d77ae5aea2277419fb8eedd7aee74fa56aefb825cd9da0973897218e4e46,sender,recipient,-0.09743449468861883,144.312361,3048363065272511485126277,0,1480.383426849969,-203320
mypool,36238705,0xac22489ebd9699ecb6305f1de293d6f06ddaa9af1c00e58f27c5b94cc66740e8,1667892506,3,0xac22489ebd9699ecb6305f1de293d6f06ddaa9af1c00e58f27c5b94cc66740e8,sender,recipient,0.047,-69.568695,3048920041358321493776707,0,1480.9244473753593,-203317
mypool,36238714,0xe343af91cda5fb8c38f2afb57b4501200adf7f6f9809817a80f2cc36b47fbeb0,1667892509,5,0xe343af91cda5fb8c38f2afb57b4501200adf7f6f9809817a80f2cc36b47fbeb0,sender,recipient,-0.3358997845437072,497.693513,3048935138797144077968450,0,1480.9391136973995,-203317
mypool,36238728,0x818f26afc9592e299141bfde5aa5d05ad476684828ae727839b60bd0dd078ce2,1667892513,10,0x818f26afc9592e299141bfde5aa5d05ad476684828ae727839b60bd0dd078ce2,sender,recipient,-6.413231775226892,9503.255416,3049223418257447737562273,0,1481.2191750906638,-203315
mypool,36238735,0xb5e8babdf6b3d5e2b7d054e4070765e5592668dda34e2a4e313d12d80cdd456c,1667892514,3,0xb5e8babdf6b3d5e2b7d054e4070765e5592668dda34e2a4e313d12d80cdd456c,sender,recipient,-0.009985422192283986,14.798,3049223867151986184080802,0,1481.2196112090821,-203315
mypool,36238739,0xc91512d9fe822ec3a22a837c923e0bec9fc706e421678ed094a99500923da216,1667892515,4,0xc91512d9fe822ec3a22a837c923e0bec9fc706e421678ed094a99500923da216,sender,recipient,-12.0,17786.673866,3049763422548343594250892,0,1481.7438565763225,-203311
mypool,36238785,0xe0a5d89fa0bb6e9a8ac3818cd011cf44bdcc1df2a21cc9eb928ce2ab9e81c8ed,1667892528,7,0xe0a5d89fa0bb6e9a8ac3818cd011cf44bdcc1df2a21cc9eb928ce2ab9e81c8ed,sender,recipient,0.15,-222.149956,3049756680159989488600370,0,1481.737304932739,-203311
mypool,36238806,0x479d6d64a9b0babc607d0fcc4c3afc91ea3d8cb9def972cc6e7a8496eee3b6e9,1667892534,5,0x479d6d64a9b0babc607d0fcc4c3afc91ea3d8cb9def972cc6e7a8496eee3b6e9,sender,recipient,0.218,-322.856185,3049746881275395557978088,0,1481.727783288197,-203311
mypool,36238865,0xec1a9db2fdda03289d73935f369d88e8ee57651884b1c4acb5ee35172f933104,1667892552,3,0xec1a9db2fdda03289d73935f369d88e8ee57651884b1c4acb5ee35172f933104,sender,recipient,-0.03094708933142928,45.878123,3049748273008514076244768,0,1481.7291356431167,-203311
mypool,36238881,0xa0195f2a1de70662a0f60fd0dd8a7f69804701fffd79077e0bfa0b289315473c,1667892556,3,0xa0195f2a1de70662a0f60fd0dd8a7f69804701fffd79077e0bfa0b289315473c,sender,recipient,0.189,-279.906003,3049739777688471733559422,0,1481.7208807023383,-203311
mypool,36238882,0x6aced2dc760b3bd51422919515a7325bddb560878a3c620ca876b1b1a23b586d,1667892557,4,0x6aced2dc760b3bd51422919515a7325bddb560878a3c620ca876b1b1a23b586d,sender,recipient,0.331,-490.201995,3049724899755227079669797,0,1481.7064238029404,-203311
mypool,36238896,0x1e45f60c03d2519f256975115d42ee2fce6f29bb6fbb7dc31fcc6aa13bc53408,1667892560,3,0x1e45f60c03d2519f256975115d42ee2fce6f29bb6fbb7dc31fcc6aa13bc53408,sender,recipient,-12.0,17797.159872,3050693112857064622129236,0,1482.6473842804805,-203305
mypool,36238895,0xe37b20c08dda0d4bcd2d15fc3536e15cfa8d28da0efa820b18f8cca6f52283fc,1667892560,23,0xe37b20c08dda0d4bcd2d15fc3536e15cfa8d28da0efa820b18f8cca6f52283fc,sender,recipient,-7.626720164233037,11307.538803,3050091724786652820325733,0,1482.0628885408582,-203309
mypool,36238899,0x5917fce6adb91bf1fc5af159f95440a9f7c7ace6ccab4e2b07a3d1728d3a4a73,1667892561,5,0x5917fce6adb91bf1fc5af159f95440a9f7c7ace6ccab4e2b07a3d1728d3a4a73,sender,recipient,0.4,-592.75853,3050673072792273502878646,0,1482.6279052631203,-203305
mypool,36238903,0x9ea0c298624a0f9b23d1d1dc3e3f3ad31f96b60587f0625eb02a67b996bd555a,1667892562,23,0x9ea0c298624a0f9b23d1d1dc3e3f3ad31f96b60587f0625eb02a67b996bd555a,sender,recipient,0.2767785899930894,-410.152616,3050659206294202105856045,0,1482.614427050428,-203305
mypool,36238968,0x939e83487e235470890538bdef8f25a7103fe6f4403b024cd5fe2e0ab51a6afe,1667892581,11,0x939e83487e235470890538bdef8f25a7103fe6f4403b024cd5fe2e0ab51a6afe,sender,recipient,0.15,-222.28042,3050651691406100567729539,0,1482.6071226174904,-203305
mypool,36238992,0x32bf959518fe76e0a59e05b22b78c5348f7b3ed146cc0089470c45d739b1751a,1667892588,10,0x32bf959518fe76e0a59e05b22b78c5348f7b3ed146cc0089470c45d739b1751a,sender,recipient,0.03359764198179092,-49.787191,3050650684036044086593207,0,1482.6061434602968,-203305
mypool,36238992,0x74676ef119ec79f1a35f27e05693d0930586ad508b5931823777b58de236164f,1667892588,3,0x74676ef119ec79f1a35f27e05693d0930586ad508b5931823777b58de236164f,sender,recipient,-0.01348335460307339,20.000523,3050652367248514577826703,0,1482.6077795321362,-203305
mypool,36239024,0x0cf170c31db5266580fc3c0b5bda5462d34c5e7a85fe198480a947f18b9cb5ed,1667892598,12,0x0cf170c31db5266580fc3c0b5bda5462d34c5e7a85fe198480a947f18b9cb5ed,sender,recipient,-3.0876134331445946,4580.23701,3050805455916327103365120,0,1482.7565845203678,-203304
mypool,36239050,0xc56ba8433bca71f79ea6442512deba49b2c1e9cd31d47d6497f6abc9724a3029,1667892605,3,0xc56ba8433bca71f79ea6442512deba49b2c1e9cd31d47d6497f6abc9724a3029,sender,recipient,0.0001,-0.148201,3050805450905909001567139,0,1482.7565796500276,-203304
mypool,36239071,0x51b27c6230cfccc2ef3c89359d3aae6912fb378a11e160880d158a0be4b726aa,1667892611,5,0x51b27c6230cfccc2ef3c89359d3aae6912fb378a11e160880d158a0be4b726aa,sender,recipient,0.000527830622832453,-0.782253,3050805424459388201027736,0,1482.7565539428801,-203304
mypool,36239073,0xe11141ccff65fa1cd0d927a5db8487bf55b066b0984317af528a9d0766d1dbe4,1667892611,17,0xe11141ccff65fa1cd0d927a5db8487bf55b066b0984317af528a9d0766d1dbe4,sender,recipient,0.04024770474561782,-59.647669,3050803407882475297098748,0,1482.7545937446835,-203304
mypool,36239091,0x94ce98a48801d426f265697b224bd0fd33a4cd32032aac7b1a83265e541ca380,1667892616,3,0x94ce98a48801d426f265697b224bd0fd33a4cd32032aac7b1a83265e541ca380,sender,recipient,0.15,-222.301434,3050795892283915458955429,0,1482.7472882758784,-203304
mypool,36239099,0xe6e7aefa4ab55efb6d6961b6ce20a27195fa99f77d935221e4088359ecd4b3b0,1667892618,3,0xe6e7aefa4ab55efb6d6961b6ce20a27195fa99f77d935221e4088359ecd4b3b0,sender,recipient,0.09,-133.380335,3050791382942553488193346,0,1482.742905020511,-203304
mypool,36239107,0xeede21bba399e179ae02c9d94d652b4a749a7a369fb3d84bc7044a98bf74cbfe,1667892620,29,0xeede21bba399e179ae02c9d94d652b4a749a7a369fb3d84bc7044a98bf74cbfe,sender,recipient,0.14759963839260226,-218.74236,3050783987669695216196915,0,1482.7357165413955,-203304
mypool,36239128,0x84e9a133c8d3a841578caa56ee59bc94d56862bc26311582a99599c6bd66eb87,1667892626,3,0x84e9a133c8d3a841578caa56ee59bc94d56862bc26311582a99599c6bd66eb87,sender,recipient,0.003373832215681282,-5.0,3050783818628983320305160,0,1482.7355522277664,-203304
mypool,36239155,0xe9b9ef8be9594f3b3d333d3e64d634e89aaf343256a853eebb376aa971a4ad95,1667892634,22,0xe9b9ef8be9594f3b3d333d3e64d634e89aaf343256a853eebb376aa971a4ad95,sender,recipient,-0.3288447347381937,487.836333,3050800303222738839580593,0,1482.7515758864156,-203304
mypool,36239165,0x6d4f0833fa08c2188ee5d753d89369300b35a3b592db897dc37f7ee2ddff56ef,1667892638,3,0x6d4f0833fa08c2188ee5d753d89369300b35a3b592db897dc37f7ee2ddff56ef,sender,recipient,0.030364178625438953,-45.0,3050798781856331776554804,0,1482.750097056174,-203304
mypool,36239173,0x0e2e6c98f3f97eb2692dd70898e8e6f563bfeef2df1ab11dbdc8f04b06e5e6e3,1667892640,7,0x0e2e6c98f3f97eb2692dd70898e8e6f563bfeef2df1ab11dbdc8f04b06e5e6e3,sender,recipient,0.00048,-0.711364,3050798757806430263350820,0,1482.7500736786938,-203304
mypool,36239190,0x2a01da0b2d2c76b2050e0463637b056a1b72df9faf258bd48e7b402a0bf2c923,1667892645,3,0x2a01da0b2d2c76b2050e0463637b056a1b72df9faf258bd48e7b402a0bf2c923,sender,recipient,-0.6740778147373031,1000.0,3050832549044738252112506,0,1482.782920314968,-203304
mypool,36239191,0xdd1e217639654d078929d5aa0a99e537ac6a9493c950b162e4cfc3344a3ffe52,1667892645,26,0xdd1e217639654d078929d5aa0a99e537ac6a9493c950b162e4cfc3344a3ffe52,sender,recipient,3.0876134331445946,-4575.739301,3050677851798954220853319,0,1482.6325504637334,-203305
mypool,36239194,0x0c67d4641aaa1b79030e51b59ccdf3fd9c69d94859c4123eeedfc61a9aa22dbb,1667892646,7,0x0c67d4641aaa1b79030e51b59ccdf3fd9c69d94859c4123eeedfc61a9aa22dbb,sender,recipient,0.00337406863951076,-5.0,3050676931258579909852039,0,1482.6316556967452,-203305
mypool,36239194,0x545da5d6174ea44bc58ecc7b49b4c501ec78626ef75945e08aa5a0047f17cd4f,1667892646,3,0x545da5d6174ea44bc58ecc7b49b4c501ec78626ef75945e08aa5a0047f17cd4f,sender,recipient,0.015,-22.228363,3050677100299291805743794,0,1482.631820004617,-203305
mypool,36239237,0x24816abac185d3b93abd6a182a3d6318a1fbfa33fb7f27c403b3081eb0d0a908,1667892658,3,0x24816abac185d3b93abd6a182a3d6318a1fbfa33fb7f27c403b3081eb0d0a908,sender,recipient,-0.006741390455603965,10.0,3050677269170962989739655,0,1482.6319841481904,-203305
mypool,36239249,0x1b38db8247e668969d9ba92f3779ad8afd749d14ab3e2844bbcccbc949cbdd83,1667892661,17,0x1b38db8247e668969d9ba92f3779ad8afd749d14ab3e2844bbcccbc949cbdd83,sender,recipient,0.5995897894708304,-888.517764,3050647230035868414672468,0,1482.6027861968726,-203305
mypool,36239254,0x77703990b5b43e613189eb4dde4901e555e52e66b61ea4d75912287980dda2d4,1667892663,5,0x77703990b5b43e613189eb4dde4901e555e52e66b61ea4d75912287980dda2d4,sender,recipient,0.04025521721598886,-59.652616,3050645213291715844039564,0,1482.600825937763,-203305
mypool,36239264,0x87bd99397876a3065ccb6039db0487cda06c1d420f063893453baf5570d0276a,1667892665,12,0x87bd99397876a3065ccb6039db0487cda06c1d420f063893453baf5570d0276a,sender,recipient,6.7482779837319e-05,-0.1,3050645209910901606121728,0,1482.6008226516399,-203305
mypool,36239266,0x917a5fc77027fce029213db921e8311b7bb523db825351fc0daa3797e5ade874,1667892667,3,0x917a5fc77027fce029213db921e8311b7bb523db825351fc0daa3797e5ade874,sender,recipient,0.0699929029219256,-103.71953,3050641703346248193625719,0,1482.597414302065,-203305
mypool,36239275,0x794f35bb313af6780052a9e3e9d20ba8a06c9aefec5c6d667557eb2f3386d04a,1667892670,3,0x794f35bb313af6780052a9e3e9d20ba8a06c9aefec5c6d667557eb2f3386d04a,sender,recipient,0.013496590001178184,-20.0,3050641027183400610058701,0,1482.5967570782573,-203305
mypool,36239283,0x5f05ef288830d3e81173568f1aa5293ac10a5842d16d1552c1ef39dedec5eeb9,1667892672,3,0x5f05ef288830d3e81173568f1aa5293ac10a5842d16d1552c1ef39dedec5eeb9,sender,recipient,0.001349659329179224,-2.0,3050640959567115851701999,0,1482.5966913558843,-203305
mypool,36239351,0x1749e3747926fbd134831e5f0b8f2bd78f0370b0a757b0a70995a27b088aa355,1667892690,5,0x1749e3747926fbd134831e5f0b8f2bd78f0370b0a757b0a70995a27b088aa355,sender,recipient,-0.001348310007279818,2.0,3050641027149592467679522,0,1482.596757045396,-203305
mypool,36239438,0x8d5a5ccc1b415a4915a71eebfd953aaedf9aca93b6968e21138c7aedd86769fe,1667892709,15,0x8d5a5ccc1b415a4915a71eebfd953aaedf9aca93b6968e21138c7aedd86769fe,sender,recipient,-0.1535379924834936,227.749379,3050648723083122255702526,0,1482.6042374276399,-203305
mypool,36239448,0xe981fba993f2b0f37a9e87a2f29cb32555fff6be9f6dc6b2dcd26303a2317cb9,1667892712,5,0xe981fba993f2b0f37a9e87a2f29cb32555fff6be9f6dc6b2dcd26303a2317cb9,sender,recipient,-0.03393304003890658,50.334465,3050650423946998228072795,0,1482.6058906554754,-203305
mypool,36239534,0x5e9ba72a6558361ac75eae098082770163f669d07408124643dd38b2aeba5790,1667892735,5,0x5e9ba72a6558361ac75eae098082770163f669d07408124643dd38b2aeba5790,sender,recipient,0.1,-148.186215,3050645414046328904998960,0,1482.6010210695756,-203305
mypool,36239543,0xa421c84fdcc3358bb59747adf879d6f88ae717393738f9383f0bea385701b8b8,1667892737,7,0xa421c84fdcc3358bb59747adf879d6f88ae717393738f9383f0bea385701b8b8,sender,recipient,-0.013483058009156742,20.0,3050646089871095064774193,0,1482.6016779657161,-203305
mypool,36239567,0x0308460dd38d91f6413994ed8d7e087110a91599b4e8f8719fbf727c10551aaf,1667892743,5,0x0308460dd38d91f6413994ed8d7e087110a91599b4e8f8719fbf727c10551aaf,sender,recipient,0.0681202703422,-100.944616,3050642677121125564816229,0,1482.5983608021697,-203305
mypool,36239590,0x092038b6fd04003b2870459b20242c05bba610f064fc11b0c152ab704ae308a1,1667892750,3,0x092038b6fd04003b2870459b20242c05bba610f064fc11b0c152ab704ae308a1,sender,recipient,0.000674829680745678,-1.0,3050640939953560428788281,0,1482.5966722916992,-203305
mypool,36239589,0x426317741187cdb4622bb007d61fb1723e7c21616dc528ae3439964047fc4af6,1667892750,5,0x426317741187cdb4622bb007d61fb1723e7c21616dc528ae3439964047fc4af6,sender,recipient,0.034,-50.383111,3050640973761702807966632,0,1482.596705152885,-203305
mypool,36239620,0x1c501d3ae79cf0caad745f108941e7aa60585c3e3cb35cfd256142e248712636,1667892758,29,0x1c501d3ae79cf0caad745f108941e7aa60585c3e3cb35cfd256142e248712636,sender,recipient,8.0979562694616e-05,-0.12,3050640935896583343286878,0,1482.5966683483568,-203305
mypool,36239621,0x98233bd91dd3df37f5eca7b9826a9af8912e9a3423edaf4c725885efcad2b2f8,1667892758,16,0x98233bd91dd3df37f5eca7b9826a9af8912e9a3423edaf4c725885efcad2b2f8,sender,recipient,0.030299868158945288,-44.9,3050639417910990518178924,0,1482.595192881483,-203305
mypool,36239633,0x832a38599d7b03ee65ea049692c701ab27d4c83cec8c81d57512576e60fb1317,1667892761,3,0x832a38599d7b03ee65ea049692c701ab27d4c83cec8c81d57512576e60fb1317,sender,recipient,-9.958687726618484,14764.85334,3050136693386698576363520,0,1482.1065900361484,-203309
mypool,36239634,0x866f23c5d90be269c05d696ad75fcba300da3451b552fca59c082b293dcb9f25,1667892761,7,0x866f23c5d90be269c05d696ad75fcba300da3451b552fca59c082b293dcb9f25,sender,recipient,0.27,-399.966921,3050123171248061322798814,0,1482.0934488504404,-203309
mypool,36239631,0xd361fbba45b2022f359193b531d32bb9ecb28e802aa573c746fc1d3879fee4dd,1667892761,8,0xd361fbba45b2022f359193b531d32bb9ecb28e802aa573c746fc1d3879fee4dd,sender,recipient,20.0,-29627.3954,3049660390296330478641330,0,1481.6437407270162,-203312
mypool,36239668,0xfe973d0d33fa94f5e129c9a3e7ec5c0e885eda4adb123bb40711c804606d7c71,1667892772,3,0xfe973d0d33fa94f5e129c9a3e7ec5c0e885eda4adb123bb40711c804606d7c71,sender,recipient,-0.025626578431945934,38.0,3050124455315117026371758,0,1482.094696739568,-203309
mypool,36239690,0x8cf23ac25e312596042a4c83d280c262bebf0e859a99415b44700394b26874b7,1667892777,3,0x8cf23ac25e312596042a4c83d280c262bebf0e859a99415b44700394b26874b7,sender,recipient,-3.651081427301805,5414.280144,3050307410545697768124604,0,1482.2725026706667,-203308
mypool,36239728,0x056d08a1cd5fe3782765dbfb1f6ffedd9968f03c0df69407706f4b91ad82304a,1667892790,4,0x056d08a1cd5fe3782765dbfb1f6ffedd9968f03c0df69407706f4b91ad82304a,sender,recipient,-0.08091600213264012,120.0,3050314969645707265210592,0,1482.2798492482173,-203308
mypool,36239727,0x3386d19059226584657e70c6b10cb3281626e90ab0868e0db8acfd3dc7317a51,1667892790,5,0x3386d19059226584657e70c6b10cb3281626e90ab0868e0db8acfd3dc7317a51,sender,recipient,-0.06992508512693435,103.7,3050310914697110306559190,0,1482.2759083013577,-203308
mypool,36239737,0xe609859477b5e1748fa7d00960bb09d8d8c2e1cf0747f334b2eaa7b3117f7ee3,1667892792,5,0xe609859477b5e1748fa7d00960bb09d8d8c2e1cf0747f334b2eaa7b3117f7ee3,sender,recipient,0.0001,-0.148153,3050314964636900110927749,0,1482.2798443802255,-203308
mypool,36239765,0xc2786d47ab08562968402b6168adfbceafd07d7f74373dcaf2fb97999f61fb71,1667892800,4,0xc2786d47ab08562968402b6168adfbceafd07d7f74373dcaf2fb97999f61fb71,sender,recipient,-0.009490557980614048,14.074703,3050315440238521373511764,0,1482.2803066110184,-203308
mypool,36239777,0xe0e7a15d7de520b3a099a826bff5d00b93fe5bd55ae04ab5f5ccfe3945646b28,1667892804,3,0xe0e7a15d7de520b3a099a826bff5d00b93fe5bd55ae04ab5f5ccfe3945646b28,sender,recipient,0.000337486861023289,-0.5,3050315423334450183922588,0,1482.2802901821785,-203308
mypool,36239799,0x35bca69fc116fe22e40bf953ec9a273483fdab9c2c42a30ca82460663cbbc38c,1667892810,3,0x35bca69fc116fe22e40bf953ec9a273483fdab9c2c42a30ca82460663cbbc38c,sender,recipient,0.002024921244690916,-3.0,3050315321910023046387535,0,1482.280191609142,-203308
mypool,36239805,0xa714e85d2ca16acbc9cd0a54fe590b68f53dd79aadf5dfab0cc3af530b445e6f,1667892813,3,0xa714e85d2ca16acbc9cd0a54fe590b68f53dd79aadf5dfab0cc3af530b445e6f,sender,recipient,0.030373834829473163,-45.0,3050313800543615983361746,0,1482.2787130139877,-203308
mypool,36239823,0x28e192b9e1fd14730d36d2afe5985a3a3cfea9846310499868b447a86783289f,1667892817,4,0x28e192b9e1fd14730d36d2afe5985a3a3cfea9846310499868b447a86783289f,sender,recipient,-0.3405868517694739,505.1,3050330776924973570553635,0,1482.2952121680944,-203307
mypool,36239827,0x602d87d571f52ae3072cfdbc07c602e211145701c662dad11c83e4f6971c2bca,1667892818,29,0x602d87d571f52ae3072cfdbc07c602e211145701c662dad11c83e4f6971c2bca,sender,recipient,8.0996031821641e-05,-0.12,3050330772889763007619301,0,1482.2952082463075,-203307
mypool,36239832,0xd08a793c5f78533d664e79aec63a4804749e9371b59a683bf91020eb5f90a178,1667892820,44,0xd08a793c5f78533d664e79aec63a4804749e9371b59a683bf91020eb5f90a178,sender,recipient,0.000837472589037423,-1.24076,3050330731167000660453693,0,1482.2951676963116,-203307
mypool,36239894,0x37ab306a2df0793a88af2f5a8bafb8b114b99afe2c3055fa7a81ecd3c08c94fe,1667892837,3,0x37ab306a2df0793a88af2f5a8bafb8b114b99afe2c3055fa7a81ecd3c08c94fe,sender,recipient,0.61,-903.739621,3050302612027382124524799,0,1482.2678390711005,-203308
mypool,36239913,0xfcc692351e6c7af45b8e1532c565c4e8f7b46761a160e949861d1d0ca8a0a6db,1667892843,4,0xfcc692351e6c7af45b8e1532c565c4e8f7b46761a160e949861d1d0ca8a0a6db,sender,recipient,0.3,-444.455996,3050288783132500890344674,0,1482.2543990408647,-203308
mypool,36239921,0x98db19f0654ef502027e6a3819ca4bbf9fa14a23d947f343aeee8de317dd6224,1667892845,3,0x98db19f0654ef502027e6a3819ca4bbf9fa14a23d947f343aeee8de317dd6224,sender,recipient,0.345,-511.119413,3050272880058399735347183,0,1482.2389432320729,-203308
mypool,36239933,0xe48061d1d22e4443f8bc5f81dedc09f169fe026b907ec7a5cdae02ceb3e2dd19,1667892849,5,0xe48061d1d22e4443f8bc5f81dedc09f169fe026b907ec7a5cdae02ceb3e2dd19,sender,recipient,0.014,-20.740965,3050272234719763404382064,0,1482.238316044936,-203308
mypool,36239945,0x33f3ceadb8825e5d9ef28f5788fc3bdb209620c2484d51cdfc23235559816b67,1667892853,3,0x33f3ceadb8825e5d9ef28f5788fc3bdb209620c2484d51cdfc23235559816b67,sender,recipient,-0.5394500126091794,800.0,3050297113637885799438711,0,1482.2624952874776,-203308
mypool,36239967,0x853fe27ea612221de64c113e7505d1258155035dfd0fb4224178b29203aafaa0,1667892860,5,0x853fe27ea612221de64c113e7505d1258155035dfd0fb4224178b29203aafaa0,sender,recipient,-0.024275043663264124,36.0,3050298233189201307216260,0,1482.2635833580289,-203308
mypool,36239993,0xb6c7865ee3a7d84d1d71be29f5d06b664b9e44db3f71d137643646071313d29c,1667892868,3,0xb6c7865ee3a7d84d1d71be29f5d06b664b9e44db3f71d137643646071313d29c,sender,recipient,-0.05727080085159833,84.932963,3050300874489475636262116,0,1482.2661503889256,-203308
mypool,36240007,0x79bef46f2a5b52ce85674e1e73b52b34187d5fb51f5dfd60254ddaed8f942fc9,1667892872,3,0x79bef46f2a5b52ce85674e1e73b52b34187d5fb51f5dfd60254ddaed8f942fc9,sender,recipient,0.2,-296.304107,3050291655222792363951177,0,1482.2571903637693,-203308
mypool,36240032,0xe878e98dcf6ac0e855271fc7073206a1784b8dac7187c9a0f7295f7a7ef4b2e6,1667892881,3,0xe878e98dcf6ac0e855271fc7073206a1784b8dac7187c9a0f7295f7a7ef4b2e6,sender,recipient,-0.16857692763323084,250.0,3050299429884705612406379,0,1482.2647464039862,-203308
mypool,36240035,0x1b4cdebeee4dfd0b032d063761a3f26b9bf93134d2ae4f0c0c65cad840958040,1667892882,4,0x1b4cdebeee4dfd0b032d063761a3f26b9bf93134d2ae4f0c0c65cad840958040,sender,recipient,-0.006743059230970918,10.0,3050299740871182142344587,0,1482.2650486459954,-203308
mypool,36240073,0x5dfa8685455c0ae1f222ebf2342f890dbb08f9dc5724fdc0739333401966d164,1667892895,5,0x5dfa8685455c0ae1f222ebf2342f890dbb08f9dc5724fdc0739333401966d164,sender,recipient,0.04025313555784234,-59.635946,3050297885346124159992203,0,1482.2632452959397,-203308
mypool,36240075,0xa2d4c21af596831ed575f07cb2025e5a6865b3ec2e518ebd9831616b67324e2a,1667892895,4,0xa2d4c21af596831ed575f07cb2025e5a6865b3ec2e518ebd9831616b67324e2a,sender,recipient,0.5,-740.755459,3050274837329078816672148,0,1482.2408454512301,-203308
mypool,36240086,0x33dfc52b33e17fdd4372dac7964434396ef5f70fac934a8805fdf7fc0a28de63,1667892898,3,0x33dfc52b33e17fdd4372dac7964434396ef5f70fac934a8805fdf7fc0a28de63,sender,recipient,6.74991687894e-07,-0.001,3050274837297964611916776,0,1482.2408454209913,-203308
mypool,36240097,0x18a4a82d95b1bdb922b2bda090e4b517d0755edf23cc1f8bda1f54c801a0895f,1667892902,9,0x18a4a82d95b1bdb922b2bda090e4b517d0755edf23cc1f8bda1f54c801a0895f,sender,recipient,0.1953125,-289.35456,3050265834260907009093703,0,1482.2320956195617,-203308
mypool,36240128,0xd6e34d57b801e51642ae5326dda57d582de30a9840fba850d9dac9c51fc39efc,1667892910,3,0xd6e34d57b801e51642ae5326dda57d582de30a9840fba850d9dac9c51fc39efc,sender,recipient,0.005,-7.407454,3050265603783856015705786,0,1482.231871625662,-203308
mypool,36240146,0x9313d1972ca9f232db15395b01a753e4ad6b7ce1f5107e8e30fb79a016544129,1667892914,3,0x9313d1972ca9f232db15395b01a753e4ad6b7ce1f5107e8e30fb79a016544129,sender,recipient,0.073,-108.148705,3050262238822877895365984,0,1482.2286013205114,-203308
mypool,36240149,0xbd3991b019a5dfc63e1877496707db3d674c4c3b6b4307241c043d8d27098ac6,1667892915,33,0xbd3991b019a5dfc63e1877496707db3d674c4c3b6b4307241c043d8d27098ac6,sender,recipient,0.004391769900252269,-6.506351,3050262036382918228988618,0,1482.2284045752715,-203308
mypool,36240180,0xf2ad6b9d5b976666ab0277ee3777152588c8c2abcca5d6ccf8e4785e48fb5eeb,1667892924,3,0xf2ad6b9d5b976666ab0277ee3777152588c8c2abcca5d6ccf8e4785e48fb5eeb,sender,recipient,0.0006749973602195,-1.0,3050262005268713473617111,0,1482.2283743363232,-203308
mypool,36240196,0xc25fb4d6855b9ce28d7124cea46371e74e94f591a368c83ac7750b93f5c5b3f8,1667892929,11,0xc25fb4d6855b9ce28d7124cea46371e74e94f591a368c83ac7750b93f5c5b3f8,sender,recipient,0.0003,-0.444446,3050261991440124149883505,0,1482.2283608967384,-203308
mypool,36240209,0x406d2e9ce40f4874ac531a8620c1a5f6832fe024265f620b313ed3335cbabfd8,1667892932,3,0x406d2e9ce40f4874ac531a8620c1a5f6832fe024265f620b313ed3335cbabfd8,sender,recipient,0.006749974420782429,-10.0,3050261680298076596168439,0,1482.228058507275,-203308
mypool,36240259,0x141ee9d4fd921c78074394e4a5c999b5ee408a43605be893357fd32cf0d45bc5,1667892945,3,0x141ee9d4fd921c78074394e4a5c999b5ee408a43605be893357fd32cf0d45bc5,sender,recipient,-0.03469809907017314,51.456252,3050263280517899894012080,0,1482.2296137124295,-203308
mypool,36240273,0x09b956ab49bcb8a9002819ed631f8f929d777fbaf4a0dc75499e17e02cfe7344,1667892949,6,0x09b956ab49bcb8a9002819ed631f8f929d777fbaf4a0dc75499e17e02cfe7344,sender,recipient,-5.489932393283795,8142.08691,3050516488409857079981206,0,1482.4757090681694,-203306
mypool,36240284,0xb5ed2c929a38178089b2561bffd6dd3c7619f3bc51334d3ee0eb9c8434b78554,1667892951,5,0xb5ed2c929a38178089b2561bffd6dd3c7619f3bc51334d3ee0eb9c8434b78554,sender,recipient,7.90149387e-08,-0.000117,3050516488406214255073804,0,1482.4757090646287,-203306
mypool,36240299,0x55a004538723159f8c1a16cf412744d5b4fd2705ba3dd3e31dbbc8c7578f380f,1667892955,3,0x55a004538723159f8c1a16cf412744d5b4fd2705ba3dd3e31dbbc8c7578f380f,sender,recipient,-1.9000000885281159,2818.194,3050604130428438036341644,0,1482.560894006885,-203306
mypool,36240326,0x380b6b4ad93ca1faf7069d92f96f7f0c7ea31cfd458e5008fbcead7f40e390ff,1667892963,3,0x380b6b4ad93ca1faf7069d92f96f7f0c7ea31cfd458e5008fbcead7f40e390ff,sender,recipient,-7.4375239619892906,11033.339078,3050947252352846422400073,0,1482.8944199143168,-203303
mypool,36240336,0x96c86eb8fbea990304cef8de66cd093babac9ef63559af38e9261aef7e4e8156,1667892965,8,0x96c86eb8fbea990304cef8de66cd093babac9ef63559af38e9261aef7e4e8156,sender,recipient,-0.000785898827656554,1.165988,3050947288613496215333803,0,1482.8944551628551,-203303
mypool,36240355,0xde9d61b306096463002a6a149f2eb1ce0475258ac84eb628dfb7494a6c0d4bf9,1667892970,3,0xde9d61b306096463002a6a149f2eb1ce0475258ac84eb628dfb7494a6c0d4bf9,sender,recipient,-0.6933657045254167,1028.713297,3050979280188443143814168,0,1482.925553948469,-203303
mypool,36240363,0xf04150570bfc3ee61dc453d85a72650ddf02d0131d36274dac88adb06fa2c9a2,1667892972,3,0xf04150570bfc3ee61dc453d85a72650ddf02d0131d36274dac88adb06fa2c9a2,sender,recipient,0.13493628026104562,-200.0,3050973057350876917869534,0,1482.9195047461726,-203303
mypool,36240366,0xef90d52fda3221ec64b68c8c837cc8839dfa9208916d97d515e1e010e1ea94c9,1667892973,3,0xef90d52fda3221ec64b68c8c837cc8839dfa9208916d97d515e1e010e1ea94c9,sender,recipient,-5.4369485442053564,8067.253651,3051223937893227380183938,0,1483.1633947699818,-203302
mypool,36240371,0x8e1ffafe77f8815378b75147dd24296a13138b4a73efe0596d776125bc6cd8dd,1667892974,3,0x8e1ffafe77f8815378b75147dd24296a13138b4a73efe0596d776125bc6cd8dd,sender,recipient,-12.0,17810.097726,3051778093380614580288279,0,1483.7021803764185,-203298
mypool,36240375,0x5b8a84c52cec0f4cf3cef6d9f3483b73f0a780ad1522e96b0bb45f79c63d877f,1667892975,2,0x5b8a84c52cec0f4cf3cef6d9f3483b73f0a780ad1522e96b0bb45f79c63d877f,sender,recipient,0.027021597764222974,-40.071941,3051776845669330261183015,0,1483.7009671613564,-203298
mypool,36240387,0x43854352546fc1958941b5292b9f80b4ad2f6775fb19cf5b3c2fe9ae93c65ff3,1667892978,6,0x43854352546fc1958941b5292b9f80b4ad2f6775fb19cf5b3c2fe9ae93c65ff3,sender,recipient,-1.7514500272421998,2600.0,3051861284349338520352992,0,1483.78307243361,-203297
mypool,36240391,0xef8a549f834a8612280452e0b048f51708f94007ddbe80f3e681701d513bec79,1667892980,3,0xef8a549f834a8612280452e0b048f51708f94007ddbe80f3e681701d513bec79,sender,recipient,0.03438881424828071,-51.0,3051859627223590869135972,0,1483.7814610795958,-203297
mypool,36240396,0xb68731732d0536efe20506621c2df004b9c90787eb1a36ba01d33c787dd652bb,1667892981,5,0xb68731732d0536efe20506621c2df004b9c90787eb1a36ba01d33c787dd652bb,sender,recipient,0.37,-548.721435,3051841797803615964805749,0,1483.7641241842107,-203298
mypool,36240412,0xdcc795ce8b74c0d55dbf8dd72136c41f3fbb202cee1e6f2cb68ba80ee942bbfe,1667892985,3,0xdcc795ce8b74c0d55dbf8dd72136c41f3fbb202cee1e6f2cb68ba80ee942bbfe,sender,recipient,0.0573,-84.977097,3051839036671530104203131,0,1483.7614393354213,-203298
mypool,36240417,0x0ca49a26bf8c904aaffb94befbdfe39edf2e56048b9e4a23fe33280d59f43a59,1667892986,3,0x0ca49a26bf8c904aaffb94befbdfe39edf2e56048b9e4a23fe33280d59f43a59,sender,recipient,-0.20208709755475224,300.0,3051848779596146441799666,0,1483.7709130978012,-203297
mypool,36240429,0xfe19f0ce0e389a667297c1070df1455a19f186c754b54c8f25cfac14024439de,1667892989,3,0xfe19f0ce0e389a667297c1070df1455a19f186c754b54c8f25cfac14024439de,sender,recipient,-5.441716229847263,8078.993925,3052111156358768971318727,0,1484.0260527011862,-203296
mypool,36240432,0x9f906b8370cb50f23ac020f7cb483e301abba30248cac8cfbcc5f40d9ccbcf30,1667892990,3,0x9f906b8370cb50f23ac020f7cb483e301abba30248cac8cfbcc5f40d9ccbcf30,sender,recipient,-12.0,17820.599791,3052689905560026498768324,0,1484.588915768787,-203292
mypool,36240437,0x3e786ddaab6fddc2ad294e1b479668c0386a890d2be28bb1e6eda054b48b76e1,1667892992,5,0x3e786ddaab6fddc2ad294e1b479668c0386a890d2be28bb1e6eda054b48b76e1,sender,recipient,0.37,-549.020041,3052672066437540091458830,0,1484.5715647197464,-203292
mypool,36240455,0xf3c50f6eadf6f88b08f3fd026b25890878deff503b21571abe91f29a2f8826f1,1667892996,20,0xf3c50f6eadf6f88b08f3fd026b25890878deff503b21571abe91f29a2f8826f1,sender,recipient,0.3,-445.146674,3052657602437230311865912,0,1484.55749652491,-203292
mypool,36240464,0xd860d7f344767f23d36da403ccdf7f1677ed50d10240b37cb8d7cef20b80dd19,1667892998,3,0xd860d7f344767f23d36da403ccdf7f1677ed50d10240b37cb8d7cef20b80dd19,sender,recipient,-0.005004744800935262,7.433549,3052657843852248114276442,0,1484.5577313330905,-203292
mypool,36240489,0xeda792bfd2e00c24d8bd87e5c25254d1b3b6b2106a398573d0be0c9438519c12,1667893006,10,0xeda792bfd2e00c24d8bd87e5c25254d1b3b6b2106a398573d0be0c9438519c12,sender,recipient,0.23,-341.276314,3052646754876413193837832,0,1484.5469458499147,-203292
mypool,36240509,0x0224a171495f1666753b0df8d5c0b320060388c2aa380fd5cd470dc3c6a9324f,1667893012,3,0x0224a171495f1666753b0df8d5c0b320060388c2aa380fd5cd470dc3c6a9324f,sender,recipient,-0.6732622160947939,1000.0,3052679231291800985826285,0,1484.5785335333971,-203292
mypool,36240536,0x5bf2890222d2268490768a6930181674f83ca8167c9b54d4a6471853d24f540e,1667893019,3,0x5bf2890222d2268490768a6930181674f83ca8167c9b54d4a6471853d24f540e,sender,recipient,0.07302316084620143,-108.354287,3052675710572582804682702,0,1484.5751091440238,-203292
mypool,36240561,0x6c0b4ac6a71be81fcc04468cbb1103c6bf4bd442b06374fbb824f15d6d564f47,1667893026,3,0x6c0b4ac6a71be81fcc04468cbb1103c6bf4bd442b06374fbb824f15d6d564f47,sender,recipient,-6.7325660573209e-05,0.1,3052675713820224343461900,0,1484.5751123028053,-203292
mypool,36240623,0x1c7cca484e2f89fdc8939095e0ce91eb8b92605f11773af9a46d75509e9f01fa,1667893043,3,0x1c7cca484e2f89fdc8939095e0ce91eb8b92605f11773af9a46d75509e9f01fa,sender,recipient,3.2770366405116182,-4862.322874,3052517724007886468677632,0,1484.4214492898116,-203293
mypool,36240624,0x62aa6ccccf52b436f031c67888db47b92c678035d42cdd403301599325436809,1667893043,3,0x62aa6ccccf52b436f031c67888db47b92c678035d42cdd403301599325436809,sender,recipient,11.809,-17517.501103,3051948533770367124045814,0,1483.867913160294,-203297
mypool,36240627,0x4fff10ff9e5088e9e4aabc09e80b046f39860bce76a4880c108d7de7bff58cd8,1667893044,5,0x4fff10ff9e5088e9e4aabc09e80b046f39860bce76a4880c108d7de7bff58cd8,sender,recipient,0.04015616986020495,-59.55662,3051946598617228455971281,0,1483.8660314046174,-203297
mypool,36240645,0x799c0ce4bda4f0abc5eebb792b80ef15806699be5dd9e3325a1f61f39013e3aa,1667893049,3,0x799c0ce4bda4f0abc5eebb792b80ef15806699be5dd9e3325a1f61f39013e3aa,sender,recipient,0.071,-105.301692,3051943177084941617579889,0,1483.8627042869723,-203297
mypool,36240652,0x65ae8cc2911c464baf9e24b66aae7bd53530cec330e838bfb5fff3edbc697007,1667893051,29,0x65ae8cc2911c464baf9e24b66aae7bd53530cec330e838bfb5fff3edbc697007,sender,recipient,0.23,-341.116538,3051932093300635435251152,0,1483.8519263770736,-203297
mypool,36240671,0xdc1864093b49d394d417bae03c6754f1db463f98029024762211ca30df8a55fc,1667893056,18,0xdc1864093b49d394d417bae03c6754f1db463f98029024762211ca30df8a55fc,sender,recipient,0.3,-444.930892,3051917636311657954055312,0,1483.8378684101997,-203297
mypool,36240672,0x9e37b0bf88d4183d480666715e1074403da111e747a2815190b8d688ad2b50c1,1667893057,3,0x9e37b0bf88d4183d480666715e1074403da111e747a2815190b8d688ad2b50c1,sender,recipient,2.0227956269574e-05,-0.03,3051917635336878102495772,0,1483.8378674623266,-203297
mypool,36240682,0x6454bfb8307d5b8d4033101c8c3e977a3780044c26a1a4014c570c7e2221541e,1667893059,3,0x6454bfb8307d5b8d4033101c8c3e977a3780044c26a1a4014c570c7e2221541e,sender,recipient,-3.275048018016012,4862.322874,3052075546154265395693033,0,1483.9914234493488,-203296
mypool,36240684,0xf3ea8fd525435ed9e4724836587b3211897f0e9ce6546d47dd201aefc2965328,1667893060,4,0xf3ea8fd525435ed9e4724836587b3211897f0e9ce6546d47dd201aefc2965328,sender,recipient,0.0058,-8.602845,3052075266624903977653702,0,1483.991151621768,-203296
mypool,36240688,0xbd6d1d7dcb16e7b9697328c344965a78eceb9aff04cad0758262b31177549130,1667893061,11,0xbd6d1d7dcb16e7b9697328c344965a78eceb9aff04cad0758262b31177549130,sender,recipient,-0.1657894828503377,246.153847,3052083260819485966959874,0,1483.998925564757,-203296
mypool,36240715,0x0244970ed88ba8a9cd3281af56171cd96cc68d308bd7a7b44a66ca95c3bdb47a,1667893069,75,0x0244970ed88ba8a9cd3281af56171cd96cc68d308bd7a7b44a66ca95c3bdb47a,sender,recipient,-0.15613909176336166,231.82673,3052090789720646807618285,0,1484.0062470524488,-203296
mypool,36240737,0x8f9faff60cec89ba6f982303163442e3ed2332f26bb7b7509caafd86c6824469,1667893076,3,0x8f9faff60cec89ba6f982303163442e3ed2332f26bb7b7509caafd86c6824469,sender,recipient,5.71,-8468.675246,3051815619920646224446965,0,1483.7386696294966,-203298
mypool,36240745,0x1fdd18a1efe0f03e615834a51b2ea0b675736519c31d92d93a2ec7f1cb97b046,1667893078,20,0x1fdd18a1efe0f03e615834a51b2ea0b675736519c31d92d93a2ec7f1cb97b046,sender,recipient,-12.0,17819.969638,3052635926957162612946136,0,1484.5364143163076,-203292
mypool,36240745,0xeb2672c4e238f44eaf9d13230afdedfa6444ed587630783db5f2e400cf99f7c0,1667893078,16,0xeb2672c4e238f44eaf9d13230afdedfa6444ed587630783db5f2e400cf99f7c0,sender,recipient,-5.010497385961656,7438.576503,3052057198221027200808027,0,1483.9735811035032,-203296
mypool,36240758,0x600d6dae02dcc160aa1c0e2ff453e557144e2d719c3ffe9fb0ad338e5a00e6f6,1667893081,16,0x600d6dae02dcc160aa1c0e2ff453e557144e2d719c3ffe9fb0ad338e5a00e6f6,sender,recipient,-0.03990579286056645,59.271276,3052637851875730791068572,0,1484.5382865425925,-203292
mypool,36240768,0x0e946c643e884dead37d6615058580f39cc47d635c455fb330be198b5cc8632d,1667893084,16,0x0e946c643e884dead37d6615058580f39cc47d635c455fb330be198b5cc8632d,sender,recipient,-0.04005776806001123,59.497077,3052639784127502807149985,0,1484.5401659025308,-203292
mypool,36240769,0x903cf1ba766713b5ab913c37dde1f2bdf760a027fa84dffa610255d368c99211,1667893085,3,0x903cf1ba766713b5ab913c37dde1f2bdf760a027fa84dffa610255d368c99211,sender,recipient,-0.030296781118437963,44.99931,3052641245543775321203595,0,1484.5415873160146,-203292
mypool,36240774,0x3b250404c826f629fe98a7a6b808cc07cbeea3fe46220e92c1b8101bdecb5ab8,1667893086,5,0x3b250404c826f629fe98a7a6b808cc07cbeea3fe46220e92c1b8101bdecb5ab8,sender,recipient,0.05,-74.189907,3052638834916216454802052,0,1484.5392426740066,-203292
mypool,36240787,0xaf08e7976eda8d85192a5402fc753727aa7a27eec30cbc47790b46ade84e57e2,1667893089,3,0xaf08e7976eda8d85192a5402fc753727aa7a27eec30cbc47790b46ade84e57e2,sender,recipient,-7.117867465431334,10573.230229,3052984169139419757219774,0,1484.8751430092507,-203290
mypool,36240791,0x13d86c3309c073da678a9c9c584c8764dfceea763ebcd40a9de35aa62c2f9020,1667893090,3,0x13d86c3309c073da678a9c9c584c8764dfceea763ebcd40a9de35aa62c2f9020,sender,recipient,-1.3,1934.332031,3055409326381650100911432,0,1487.2351198502415,-203274
mypool,36240788,0x2db4eeea323718774295cfb0f7001e8c6f1b74a963b581d8d1fcb4581f2045e6,1667893090,7,0x2db4eeea323718774295cfb0f7001e8c6f1b74a963b581d8d1fcb4581f2045e6,sender,recipient,-35.6168643053645,52943.660585,3054749932384153233260544,0,1486.5932627466252,-203278
mypool,36240791,0x88868165b31d6540f0e811307a5bcaaf2f8efc213a98f230d3e7dbede02871ea,1667893090,11,0x88868165b31d6540f0e811307a5bcaaf2f8efc213a98f230d3e7dbede02871ea,sender,recipient,-2.7,4017.719656,3055543223083716459586235,0,1487.365472428127,-203273
mypool,36240790,0xa9d52b33e7b97ee52595c5ac977d479fe02d34e055276bd4c9c761f2b06540bb,1667893090,17,0xa9d52b33e7b97ee52595c5ac977d479fe02d34e055276bd4c9c761f2b06540bb,sender,recipient,-12.0,17851.51918,3055344861784390711388052,0,1487.1723636094957,-203275
mypool,36240791,0xbf03d4ad73e12cbc9ad6e5866675bfed10bd35d07beb7f4dc4c9058872d3c4ca,1667893090,17,0xbf03d4ad73e12cbc9ad6e5866675bfed10bd35d07beb7f4dc4c9058872d3c4ca,sender,recipient,0.4,-594.644857,3055523395713337566409619,0,1487.3461695099381,-203273
mypool,36240793,0x2419389e8d038a6ed7276291738dcd110a478eb4904d5329297a1304ef51b279,1667893091,17,0x2419389e8d038a6ed7276291738dcd110a478eb4904d5329297a1304ef51b279,sender,recipient,-1.8962739298516569,2822.12,3055729224125810369401285,0,1487.5465596705549,-203272
mypool,36240793,0x56407efc4e29dffa28ad5df8692dbe2373548ff10d50da476be7df47854b8d24,1667893091,13,0x56407efc4e29dffa28ad5df8692dbe2373548ff10d50da476be7df47854b8d24,sender,recipient,-3.0,4464.379887,3055635172625648147824976,0,1487.4549914574236,-203273
mypool,36240792,0x8a6840e478877ad0799b082e33d1548aede6314d645236b8a25a6bb863514f21,1667893091,20,0x8a6840e478877ad0799b082e33d1548aede6314d645236b8a25a6bb863514f21,sender,recipient,0.2966879407373057,-441.048472,3055486390282715016415096,0,1487.3101432420517,-203274
mypool,36240795,0xa73433f1821cdd4d19057503e747ac6fe2d7399bab679e29ad0ad2715c5a5fbc,1667893091,3,0xa73433f1821cdd4d19057503e747ac6fe2d7399bab679e29ad0ad2715c5a5fbc,sender,recipient,0.11,-163.548014,3055723770909455074271990,0,1487.5412503611265,-203272
mypool,36240792,0xf02dc108fe820a512ec8e83346a406af9535a3f877f4a55459c2f9eb42c2acde,1667893091,3,0xf02dc108fe820a512ec8e83346a406af9535a3f877f4a55459c2f9eb42c2acde,sender,recipient,0.44987841124020533,-668.785488,3055501096256071992044185,0,1487.3244600434914,-203274
mypool,36240796,0x5c352e2779fea13b99c3eec995161c3432a0b9d95d4e50ff332125e9ca2c85ea,1667893092,6,0x5c352e2779fea13b99c3eec995161c3432a0b9d95d4e50ff332125e9ca2c85ea,sender,recipient,0.37,-550.111765,3055705428415462223323925,0,1487.5233919834704,-203272
mypool,36240797,0x864d9dfc68e6e789cd7cc8031219c19c79a1d708faa4d004b2a09ff2c58d7ed0,1667893092,14,0x864d9dfc68e6e789cd7cc8031219c19c79a1d708faa4d004b2a09ff2c58d7ed0,sender,recipient,0.4628288809729282,-688.119385,3055682484303931981218386,0,1487.5010535904053,-203272
mypool,36240854,0x0477086411e6d8a2e83052d32e2ec7dc35f7a8743c9da9b1bdbc3cd7ebfd7bfa,1667893099,3,0x0477086411e6d8a2e83052d32e2ec7dc35f7a8743c9da9b1bdbc3cd7ebfd7bfa,sender,recipient,0.44987841124020533,-668.855131,3055660182524531587034794,0,1487.4793407328252,-203272
mypool,36240865,0x777e1564d90140290a61a0fd9a95cde22f41348bc90a04da32e4783ddede9861,1667893102,3,0x777e1564d90140290a61a0fd9a95cde22f41348bc90a04da32e4783ddede9861,sender,recipient,-3.0623804606529776,4557.732971,3055812076002914134702244,0,1487.6272263046255,-203271
mypool,36240866,0xf977e571ba09d2e63712622a334824f3655657e7bc5f6a9c31cd1cff45b3d8cd,1667893102,8,0xf977e571ba09d2e63712622a334824f3655657e7bc5f6a9c31cd1cff45b3d8cd,sender,recipient,-12.0,17864.029627,3056428816024639526987756,0,1488.2277683604104,-203267
mypool,36240871,0x0528f4408cdeb43470b7a92e3f375ab1aed4624e9a45c08b458e87ee2df582ee,1667893103,13,0x0528f4408cdeb43470b7a92e3f375ab1aed4624e9a45c08b458e87ee2df582ee,sender,recipient,0.015075444352775823,-22.424471,3056428032208611367416327,0,1488.227005053493,-203267
mypool,36240872,0xa10baf20663d8c33bccfd24280fe28fdd1cde8461feb08706af73816554aebf0,1667893103,86,0xa10baf20663d8c33bccfd24280fe28fdd1cde8461feb08706af73816554aebf0,sender,recipient,0.03695672459387078,-54.972461,3056426110723130234407683,0,1488.2251338458914,-203267
mypool,36240879,0x9441f7483141e5a9f2f910a28ac40d37358f71b11ed24c3b4af10c28c193dcbc,1667893105,3,0x9441f7483141e5a9f2f910a28ac40d37358f71b11ed24c3b4af10c28c193dcbc,sender,recipient,0.000336138744431923,-0.5,3056426093246329613473504,0,1488.2251168263967,-203267
mypool,36240904,0xb489364a1951bd9f5a7b44af5bf38bf3df280460d8f7ecf0f9e833c53e7c7525,1667893112,10,0xb489364a1951bd9f5a7b44af5bf38bf3df280460d8f7ecf0f9e833c53e7c7525,sender,recipient,0.06671556313079782,-99.23802,3056422624520142771664637,0,1488.2217388664214,-203268
mypool,36240907,0xac4983bfdc61a4c84649e8c0770defcebde5570225ef64aac02dcb619fa56eaf,1667893113,10,0xac4983bfdc61a4c84649e8c0770defcebde5570225ef64aac02dcb619fa56eaf,sender,recipient,0.01,-14.874773,3056422104593232564182795,0,1488.221232544777,-203268
mypool,36240925,0x61ae40ee09209e0b5764354367b71c49022b193a47c1e9c2d2fc9bb5e9307fe3,1667893118,10,0x61ae40ee09209e0b5764354367b71c49022b193a47c1e9c2d2fc9bb5e9307fe3,sender,recipient,0.2299601644,-342.059145,3056410148394262489712864,0,1488.2095892352102,-203268
mypool,36240932,0xaa8f32ef4c4cd997d0b84c7232e89b605cb2d95a36f7789815f7a953a1cf2ec8,1667893120,3,0xaa8f32ef4c4cd997d0b84c7232e89b605cb2d95a36f7789815f7a953a1cf2ec8,sender,recipient,1.2773405637224e-05,-0.019,3056410147730144066117365,0,1488.2095885884728,-203268
mypool,36240936,0x4b35fe44a34bcd50fb253843fb5c9a56e77fe9f5e86ab47ee27a5a4998ab5f9f,1667893121,3,0x4b35fe44a34bcd50fb253843fb5c9a56e77fe9f5e86ab47ee27a5a4998ab5f9f,sender,recipient,0.105,-156.183596,3056404688550979880331175,0,1488.2042722892004,-203268
mypool,36240943,0x5b609c6bee1dbd75db6af7a282a3bf770f83a66883fb34cee90725ac1a8b9e40,1667893123,18,0x5b609c6bee1dbd75db6af7a282a3bf770f83a66883fb34cee90725ac1a8b9e40,sender,recipient,6.7229917481006e-05,-0.1,3056376805199187527629399,0,1488.1771188601172,-203268
mypool,36240942,0xc20b6208bc423d94cd80ac2d1cb9eb1e45141411b9268381f5056603a47f3279,1667893123,10,0xc20b6208bc423d94cd80ac2d1cb9eb1e45141411b9268381f5056603a47f3279,sender,recipient,0.5362375495161962,-797.62472,3056376808694547651816235,0,1488.177122263961,-203268
mypool,36240950,0x7b07fe7f99576c083100c248156e444319ef5f6313a58c2c0a49d83f4b5770bf,1667893125,3,0x7b07fe7f99576c083100c248156e444319ef5f6313a58c2c0a49d83f4b5770bf,sender,recipient,-3.0,4466.992814,3056532864615985949492707,0,1488.3290961831283,-203267
mypool,36240952,0xdbd13ea9eef1f551dc882445f1d7a39f86cb79bd3f17307fc740de80c3d77b45,1667893125,3,0xdbd13ea9eef1f551dc882445f1d7a39f86cb79bd3f17307fc740de80c3d77b45,sender,recipient,-1.23963211,1845.978526,3056627233350099375592474,0,1488.421000250355,-203266
mypool,36240951,0xe085a534d1f65eb814f69dac09b0bc8aa6d14f69fc8c9b737d143663e87c3d9a,1667893125,3,0xe085a534d1f65eb814f69dac09b0bc8aa6d14f69fc8c9b737d143663e87c3d9a,sender,recipient,-0.5743116646129415,855.200717,3056562742014634448912384,0,1488.3581929545549,-203267
mypool,36240953,0x1e09d9954c4e01da5042d075c059f5155acbbd954862fd953a65731f56cb5a4d,1667893126,7,0x1e09d9954c4e01da5042d075c059f5155acbbd954862fd953a65731f56cb5a4d,sender,recipient,-3.5,5212.390055,3056809334057659951615740,0,1488.5983529796051,-203265
mypool,36240955,0x74944da9966a10a897466ad5ab4d953f987ced4536dc9f31ad4a4837d9b3a296,1667893126,3,0x74944da9966a10a897466ad5ab4d953f987ced4536dc9f31ad4a4837d9b3a296,sender,recipient,-0.92782257,1382.159924,3057180595454441077249052,0,1488.95996707108,-203263
mypool,36240954,0xdf89ee50df53ddcc57cd163abe89ee35ea5d41d03fc1adc7f6703e9abd187130,1667893126,3,0xdf89ee50df53ddcc57cd163abe89ee35ea5d41d03fc1adc7f6703e9abd187130,sender,recipient,-3.2065796339530284,4775.957688,3056976187509768599182537,0,1488.7608652763192,-203264
mypool,36240954,0xecb9695daa334ee917a7bcc62f0d086878b2ca95b9a41cf8d207121742c0aaee,1667893126,7,0xecb9695daa334ee917a7bcc62f0d086878b2ca95b9a41cf8d207121742c0aaee,sender,recipient,-3.0,4468.745064,3057132308143374196180990,0,1488.91293203141,-203263
mypool,36240957,0x051a53716811585c3a5ca012c3417087b89655dcf174bcd82ff23307dd057b47,1667893127,20,0x051a53716811585c3a5ca012c3417087b89655dcf174bcd82ff23307dd057b47,sender,recipient,-0.5660000000000001,843.235027,3057307901634151096953344,0,1489.0839752844656,-203262
mypool,36240957,0x330f2bc501575393ddc2da3caf936a5b286181547115622f525f9a44d1fd1d59,1667893127,16,0x330f2bc501575393ddc2da3caf936a5b286181547115622f525f9a44d1fd1d59,sender,recipient,-1.326,1975.430445,3057278442270337955989729,0,1489.0552786293426,-203262
mypool,36240960,0x5fb1834367bb6103fd21984113da5cd64402d6739bd5d8155e95d38aa421a198,1667893127,5,0x5fb1834367bb6103fd21984113da5cd64402d6739bd5d8155e95d38aa421a198,sender,recipient,0.4,-595.342951,3057315927587503145521504,0,1489.0917934922447,-203262
mypool,36240957,0x74127264aeca4cb5c1e65f83fe396b175bf9671ede946ec42a90c349526c83d1,1667893127,12,0x74127264aeca4cb5c1e65f83fe396b175bf9671ede946ec42a90c349526c83d1,sender,recipient,-0.554,825.304255,3057209428386544713725457,0,1488.9880526111658,-203262
mypool,36240958,0x779402b311918a08e77bc5220dd0595a72f0f941510faf0a066f109ece415fb7,1667893127,37,0x779402b311918a08e77bc5220dd0595a72f0f941510faf0a066f109ece415fb7,sender,recipient,-0.554,825.37299,3057336736967620342796356,0,1489.1120643333027,-203262
mypool,36240966,0x2a331925537d75a50703256e5a0e33a53bbd21c7011638f21597cba37298bc4f,1667893129,18,0x2a331925537d75a50703256e5a0e33a53bbd21c7011638f21597cba37298bc4f,sender,recipient,-3.0,4469.738421,3057472082925165948228722,0,1489.243910954534,-203261
mypool,36240966,0x3db6dacb52a273d7a4478589292e519436ab3bf55f309e8558447829be9f6b59,1667893129,22,0x3db6dacb52a273d7a4478589292e519436ab3bf55f309e8558447829be9f6b59,sender,recipient,-3.5,5215.278201,3057658423765232860009138,0,1489.425443547723,-203259
mypool,36240971,0x970342f19f84f8bc49370947f8c73129e7b2386fc7d816b8241586d6608296be,1667893130,13,0x970342f19f84f8bc49370947f8c73129e7b2386fc7d816b8241586d6608296be,sender,recipient,0.001,-1.48868,3057658370397102975660763,0,1489.4253915550942,-203259
mypool,36240973,0xc475f5dbd8e0cb60700362b9c4e7ed4eb99062fa238204c951de4fdbb3777dd3,1667893131,19,0xc475f5dbd8e0cb60700362b9c4e7ed4eb99062fa238204c951de4fdbb3777dd3,sender,recipient,0.275530624559855,-410.175144,3057643665913916182993189,0,1489.4110660973006,-203260
mypool,36240985,0xe51b001ef55fd86418d5ee6f69e3bf738250a1e1f3915d6035e7a5a32462a3c3,1667893134,4,0xe51b001ef55fd86418d5ee6f69e3bf738250a1e1f3915d6035e7a5a32462a3c3,sender,recipient,0.006836517558719973,-10.177292,3057643301065318243948962,0,1489.4107106539814,-203260
mypool,36240989,0xb699334561b7517cddfc676b02011f50449ec02b1c2a9febd2b6ebf7fc0e4f75,1667893135,7,0xb699334561b7517cddfc676b02011f50449ec02b1c2a9febd2b6ebf7fc0e4f75,sender,recipient,-4.7356940097384586,7057.505479,3057896181044806391169024,0,1489.657081919573,-203258
mypool,36240992,0x0c2fada5f097ebcd952ea53426fd37c057964fdb8adebb2735e3b4bf3afffd52,1667893136,32,0x0c2fada5f097ebcd952ea53426fd37c057964fdb8adebb2735e3b4bf3afffd52,sender,recipient,-21.487086243211287,32046.277611,3059523057782535065960448,0,1491.2425727199654,-203247
mypool,36240992,0x21bb2556a8e64e587b49fdfddf9f7c2cb81772ac5f009f23272db419962dfe76,1667893136,25,0x21bb2556a8e64e587b49fdfddf9f7c2cb81772ac5f009f23272db419962dfe76,sender,recipient,-3.0,4472.340732,3058364018116794190657713,0,1490.1129313519568,-203255
mypool,36240993,0x2997be548857212b0ae70cf84a8919b7addf99c114bc8272a858c64a0aec2bd5,1667893136,9,0x2997be548857212b0ae70cf84a8919b7addf99c114bc8272a858c64a0aec2bd5,sender,recipient,0.146484375,-218.454857,3060362127280688257416235,0,1492.0606268486786,-203242
mypool,36240993,0x2b1a50099744ee18b1c475685b56c56a4b9a267908dfc9ca55993c9c0ea42ef9,1667893136,41,0x2b1a50099744ee18b1c475685b56c56a4b9a267908dfc9ca55993c9c0ea42ef9,sender,recipient,0.29641758153235676,-442.007089,3060199029627479552793011,0,1491.9015965823085,-203243
mypool,36240993,0x2b1a50099744ee18b1c475685b56c56a4b9a267908dfc9ca55993c9c0ea42ef9,1667893136,51,0x2b1a50099744ee18b1c475685b56c56a4b9a267908dfc9ca55993c9c0ea42ef9,sender,recipient,0.29605756618864004,-441.465578,3060182855625521284885225,0,1491.8858263952427,-203243
mypool,36240992,0x4327444b4dc18824524d2702e2ba1053497cdf1d37ef9b0f070b9b7aa8193741,1667893136,36,0x4327444b4dc18824524d2702e2ba1053497cdf1d37ef9b0f070b9b7aa8193741,sender,recipient,-12.0,17907.700198,3060178815270500086671181,0,1491.8818869284232,-203243
mypool,36240994,0x4c2b0dbb4b98b08c36e229cac97b08f2e232270a1b57c9aa590717ed4ee33c2f,1667893136,3,0x4c2b0dbb4b98b08c36e229cac97b08f2e232270a1b57c9aa590717ed4ee33c2f,sender,recipient,0.5533244983205625,-825.076077,3060152627261719919552619,0,1491.856352963815,-203243
mypool,36240993,0x5369ed167d788decbbf8bb0648a4e1a1639b5f42d615cba579ea849a55c1ede5,1667893136,17,0x5369ed167d788decbbf8bb0648a4e1a1639b5f42d615cba579ea849a55c1ede5,sender,recipient,2.6888340489716636,-4009.704981,3060215223468816613290745,0,1491.9173861969282,-203243
mypool,36240992,0x5efde2ed128bcffe6c322aa49893f2718bed7f1c81243c0737804ed0d34a8f6f,1667893136,16,0x5efde2ed128bcffe6c322aa49893f2718bed7f1c81243c0737804ed0d34a8f6f,sender,recipient,-5.759139903426379,8584.298651,3058203768091387189264384,0,1489.9567796462075,-203256
mypool,36240994,0x66f90acd2ae005c9e8d17a14d88a809de5abcda1c89c41f71014ed3ade66b8e7,1667893136,48,0x66f90acd2ae005c9e8d17a14d88a809de5abcda1c89c41f71014ed3ade66b8e7,sender,recipient,0.2166006331131464,-323.021891,3060366839491209260952869,0,1492.0652216704052,-203242
mypool,36240992,0x980cf636d7a47919e1c0514e86af165cdbecb6abbf7b0baad14b8bd73c6701e3,1667893136,40,0x980cf636d7a47919e1c0514e86af165cdbecb6abbf7b0baad14b8bd73c6701e3,sender,recipient,-3.5,5224.52531,3060370130824963396432767,0,1492.0684310159024,-203242
mypool,36240994,0xdf86147b6a7091cbf4290f74474eb4a14cf3be7bf81682d02c7c7e954987c49f,1667893136,27,0xdf86147b6a7091cbf4290f74474eb4a14cf3be7bf81682d02c7c7e954987c49f,sender,recipient,-4.128876151444308,6163.226015,3060378316856936247226447,0,1492.0764131459687,-203242
mypool,36240997,0x16b0a578628591d4e6d56c9c5b8b05eb593a443de218deb7d8285ea6f1a178cd,1667893137,16,0x16b0a578628591d4e6d56c9c5b8b05eb593a443de218deb7d8285ea6f1a178cd,sender,recipient,0.11,-164.045084,3060363683503394823912739,0,1492.0621443025752,-203242
mypool,36240997,0x16b0a578628591d4e6d56c9c5b8b05eb593a443de218deb7d8285ea6f1a178cd,1667893137,25,0x16b0a578628591d4e6d56c9c5b8b05eb593a443de218deb7d8285ea6f1a178cd,sender,recipient,0.11,-164.04446,3060357854801656606512472,0,1492.0564608101333,-203242
mypool,36240997,0x16b0a578628591d4e6d56c9c5b8b05eb593a443de218deb7d8285ea6f1a178cd,1667893137,34,0x16b0a578628591d4e6d56c9c5b8b05eb593a443de218deb7d8285ea6f1a178cd,sender,recipient,0.11,-164.043835,3060352026122120782527514,0,1492.0507773501654,-203242
mypool,36240995,0x1fb21a8ae985c284ab98c04574c878e96a8a46073484cd733098042d7457d57d,1667893137,41,0x1fb21a8ae985c284ab98c04574c878e96a8a46073484cd733098042d7457d57d,sender,recipient,-1.8967417149599712,2831.39,3060369512227335561587378,0,1492.067827827491,-203242
mypool,36240995,0x5a10e7c6aca0b71071a4482b74fea3ad9eef21fe6fb7186b15b9dd2f671db618,1667893137,5,0x5a10e7c6aca0b71071a4482b74fea3ad9eef21fe6fb7186b15b9dd2f671db618,sender,recipient,0.4,-596.523544,3060345644274870816471481,0,1492.0445545168832,-203242
mypool,36240998,0x6e42561503768d5464505479c6d67cfcbf66e39d217c5fa37bdf115bcc9f4463,1667893137,2,0x6e42561503768d5464505479c6d67cfcbf66e39d217c5fa37bdf115bcc9f4463,sender,recipient,0.027021597764222974,-40.297418,3060350594305209376041238,0,1492.0493812081415,-203242
mypool,36240995,0xb7001d146d09975844cfd6688119809758890d3290b43286ed503e8d1bbc6f2b,1667893137,27,0xb7001d146d09975844cfd6688119809758890d3290b43286ed503e8d1bbc6f2b,sender,recipient,0.4472505885249708,-666.978981,3060321945690067160085833,0,1492.0214465339238,-203242
mypool,36240995,0xd86f2d82c7cfc302abece94632f04be3137a6408c8f8f4d0e388bfd9d1483109,1667893137,32,0xd86f2d82c7cfc302abece94632f04be3137a6408c8f8f4d0e388bfd9d1483109,sender,recipient,1.0,-1491.249616,3060268959754251573541687,0,1491.9697817289643,-203242
mypool,36241001,0x2e98a2871dbbe59026d3a050c6c4744695e8920bbde42fff3e1873892609234b,1667893138,5,0x2e98a2871dbbe59026d3a050c6c4744695e8920bbde42fff3e1873892609234b,sender,recipient,0.4,-596.517211,3060329399313888482459688,0,1492.0287143837356,-203242
mypool,36241002,0xdc2b99915b265f39b0179c00563861089803fc978d8d588fc5c25fa12885feca,1667893138,17,0xdc2b99915b265f39b0179c00563861089803fc978d8d588fc5c25fa12885feca,sender,recipient,0.4614669468765436,-688.172176,3060304947708766517389495,0,1492.00487227627,-203242
mypool,36241007,0xc3d255af7f77c25b443987f21e84e3de3cdf413528609115a48b546a30e936d9,1667893140,2,0xc3d255af7f77c25b443987f21e84e3de3cdf413528609115a48b546a30e936d9,sender,recipient,0.19815838360430182,-295.504433,3060294448072241156929301,0,1491.994634419424,-203242
mypool,36241022,0x896923dba89c4920ae7ad8515e0739bc4b0febb06d5ac4366ecea1443d5da233,1667893144,24,0x896923dba89c4920ae7ad8515e0739bc4b0febb06d5ac4366ecea1443d5da233,sender,recipient,-3.0,4478.455752,3060453493559211226892812,0,1492.1497183065483,-203241
mypool,36241030,0x0ab64fda9eb6c3acedd90cce8ff29f6515235e61fae831cedbf15353bf7a0a18,1667893146,10,0x0ab64fda9eb6c3acedd90cce8ff29f6515235e61fae831cedbf15353bf7a0a18,sender,recipient,0.05392436231122119,-80.422915,3060450636033962718331410,0,1492.1469318871414,-203241
mypool,36241049,0x914b2454a9d195a084c45a4c1598d7cbfc724b0a0b7031df2d175e57ba7cdfed,1667893151,42,0x914b2454a9d195a084c45a4c1598d7cbfc724b0a0b7031df2d175e57ba7cdfed,sender,recipient,0.13890148310265396,-207.157292,3060443275480164540942278,0,1492.1397545032423,-203241
mypool,36241052,0x9631940a990ad33da8bb6b6f0a807a11af48c6fb657ca8e2f1f2a3e0eb01013a,1667893151,10,0x9631940a990ad33da8bb6b6f0a807a11af48c6fb657ca8e2f1f2a3e0eb01013a,sender,recipient,-2.8539951354452384,4260.905048,3060597707871468332958007,0,1492.2903474099971,-203240
mypool,36241053,0x4e699ae7fac9e18d91044254748eed47aee58b9d07038c3abd8bec9ea333ed02,1667893152,3,0x4e699ae7fac9e18d91044254748eed47aee58b9d07038c3abd8bec9ea333ed02,sender,recipient,3.46480376401955,-5167.598428,3060414313155241678209024,0,1492.1115130832748,-203241
mypool,36241063,0xda7d8f6a68df2a124a87bad4bf3afafeef12cb9dd648bf19792bbf6d2b4e3de8,1667893154,18,0xda7d8f6a68df2a124a87bad4bf3afafeef12cb9dd648bf19792bbf6d2b4e3de8,sender,recipient,0.3729332215360582,-556.176135,3060394563803056917986715,0,1492.0922554680149,-203242
mypool,36241071,0x5394d5580c424fb1fd70d66744bc3b1235c7fc3d8749c1d25afb7ac921518143,1667893156,10,0x5394d5580c424fb1fd70d66744bc3b1235c7fc3d8749c1d25afb7ac921518143,sender,recipient,-3.1348019139373116,4679.999299,3060555275740834372051782,0,1492.2489694661656,-203240
mypool,36241087,0xd2d8c2869731ebe2aa73995e5e6b9a3b5c3ea5a8b7ab1f45e47d2f9f88203ded,1667893161,10,0xd2d8c2869731ebe2aa73995e5e6b9a3b5c3ea5a8b7ab1f45e47d2f9f88203ded,sender,recipient,-0.015199937017682415,22.693443,3060556038031251842392278,0,1492.2497128131267,-203240
mypool,36241103,0x9ad50854b23bdb2d8a81f2cf3000b77bc8a19395210c519407c3c4310295c764,1667893165,10,0x9ad50854b23bdb2d8a81f2cf3000b77bc8a19395210c519407c3c4310295c764,sender,recipient,-0.012224936074630573,18.251787,3060556650971612709968955,0,1492.25031052162,-203240
mypool,36241105,0x5012d23910cf51d6e7c39db4affe8f4d2864df35e142a12dc1cf735f970e6b94,1667893166,4,0x5012d23910cf51d6e7c39db4affe8f4d2864df35e142a12dc1cf735f970e6b94,sender,recipient,0.05970740093541976,-89.053751,3060553659434953153618701,0,1492.2473933272422,-203240
mypool,36241108,0xfd57dca50418312151c3b525395368c62eec24edcca1b5f288e0eec0a0586719,1667893166,2,0xfd57dca50418312151c3b525395368c62eec24edcca1b5f288e0eec0a0586719,sender,recipient,0.09907919180215091,-147.7765,3060548689092040803860805,0,1492.2425465079687,-203241
mypool,36241109,0xac7a4ce0374b882cd55c2c33d643722a64e38b3dd3f477175b352102c6d07049,1667893167,3,0xac7a4ce0374b882cd55c2c33d643722a64e38b3dd3f477175b352102c6d07049,sender,recipient,0.07084720932010738,-105.668236,3060545131956029797541739,0,1492.2390777792184,-203241
mypool,36241109,0xcbca85385c060cdf92d04aebefa6c998f5c179f0b76c7fdbd36353a2c08647eb,1667893167,17,0xcbca85385c060cdf92d04aebefa6c998f5c179f0b76c7fdbd36353a2c08647eb,sender,recipient,6.704691393849e-06,-0.01,3060545131619397321727799,0,1492.2390774509527,-203241
mypool,36241121,0x6e41f167e3cabaaecbd3683db24fb7c638182688f24dbd3ced36cc079f135819,1667893170,10,0x6e41f167e3cabaaecbd3683db24fb7c638182688f24dbd3ced36cc079f135819,sender,recipient,-0.008458109319434371,12.627837,3060545556500850924986056,0,1492.2394917724052,-203241
mypool,36241123,0x4ffbfec2f8d87da1d2775213d82d71d01d82e3c2d2fbdcc4c24d2cf141b08273,1667893171,3,0x4ffbfec2f8d87da1d2775213d82d71d01d82e3c2d2fbdcc4c24d2cf141b08273,sender,recipient,-3.3851630509792208,5054.281229,3060715246740419419045888,0,1492.4049691305795,-203239
mypool,36241145,0xd38a205eadcf8d4c9c2bea2c1eae0cc528df18e8604ce7afe80f7e3ca0cfd609,1667893177,15,0xd38a205eadcf8d4c9c2bea2c1eae0cc528df18e8604ce7afe80f7e3ca0cfd609,sender,recipient,0.008715131198411904,-13.0,3060714810098538108833682,0,1492.404543317386,-203239
mypool,36241152,0xd946a14d83035377221ea4b2d8f03302671970e69f67d1a85cb11abbd37762fa,1667893179,3,0xd946a14d83035377221ea4b2d8f03302671970e69f67d1a85cb11abbd37762fa,sender,recipient,3.0,-4474.755278,3060564512747535639913386,0,1492.2579769391825,-203240
mypool,36241170,0x17d433c50607fa5dd6ffe9ce4c083c82b3c5d98d80cf63de67a348e83a0729a2,1667893183,3,0x17d433c50607fa5dd6ffe9ce4c083c82b3c5d98d80cf63de67a348e83a0729a2,sender,recipient,-0.6885706318212901,1028.050631,3060599025479560432867361,0,1492.2916322925257,-203240
mypool,36241177,0x5a5e2c25ba8b76ff539d9f73f3ae04ed1395ece75b635db71e6427195f994835,1667893185,19,0x5a5e2c25ba8b76ff539d9f73f3ae04ed1395ece75b635db71e6427195f994835,sender,recipient,-29.21243798578487,43640.449239,3062214406628446893506560,0,1493.8673081081045,-203230
mypool,36241178,0x764c3609ed589a3df29b77b335013a17111702f86050a79c0b4f75397ef374cf,1667893185,21,0x764c3609ed589a3df29b77b335013a17111702f86050a79c0b4f75397ef374cf,sender,recipient,0.44888385635716593,-670.229496,3062184570234571765989814,0,1493.838197542779,-203230
mypool,36241178,0x85ba3fdee38e0d1527ea5235680f3efe2f3f874f9ab52e3f492743c6d126be3d,1667893185,3,0x85ba3fdee38e0d1527ea5235680f3efe2f3f874f9ab52e3f492743c6d126be3d,sender,recipient,0.1462827229537697,-218.417191,3062207073251263812073784,0,1493.8601531033532,-203230
mypool,36241179,0xa7ecd3bf132c3db2c545c07b5d64a11be12d2fba1111aa769b6a2b35ffb9c2f3,1667893185,5,0xa7ecd3bf132c3db2c545c07b5d64a11be12d2fba1111aa769b6a2b35ffb9c2f3,sender,recipient,0.4,-597.2326,3062164518095336724568627,0,1493.81863337036,-203230
mypool,36241177,0xee7f8f309fbcd2c805bb7bad808ffd00225911b2b2353eb4bfaf245218dee015,1667893185,7,0xee7f8f309fbcd2c805bb7bad808ffd00225911b2b2353eb4bfaf245218dee015,sender,recipient,-3.0,4479.334527,3060749401412007113999116,0,1492.438276956947,-203239
mypool,36241185,0x63737863069175ca53a8712a0a4ee643042ffcb1419e0aea000c0ee09478ad14,1667893187,12,0x63737863069175ca53a8712a0a4ee643042ffcb1419e0aea000c0ee09478ad14,sender,recipient,0.274719725838713,-410.174409,3062150746451972167947160,0,1493.805196932776,-203230
mypool,36241204,0x82082883c9bfec93bcf833735e6fc5e91bcad922fb8a21917ad0c28096b8bc38,1667893192,5,0x82082883c9bfec93bcf833735e6fc5e91bcad922fb8a21917ad0c28096b8bc38,sender,recipient,-1.9223372529578828,2873.124359,3062247163632611724357249,0,1493.8992685608134,-203229
mypool,36241220,0x2d85d97b97595cd501daff24d47db88c53cff138b467619a43f4feac68aeff93,1667893197,8,0x2d85d97b97595cd501daff24d47db88c53cff138b467619a43f4feac68aeff93,sender,recipient,0.5247258802156164,-783.488934,3062220857919916084392748,0,1493.8736024966042,-203230
mypool,36241249,0xb07b95dd871efa0459bd5ed439ec4a8856f63d611acd73abe85af182a6b35d9d,1667893204,4,0xb07b95dd871efa0459bd5ed439ec4a8856f63d611acd73abe85af182a6b35d9d,sender,recipient,0.07090933183872275,-105.876491,3062217313704560042063672,0,1493.870144479078,-203230
mypool,36241252,0xbe921f5791720705c029d08b4e430a6d9fcd4e8ef6fc708aef4aace9714083d8,1667893205,5,0xbe921f5791720705c029d08b4e430a6d9fcd4e8ef6fc708aef4aace9714083d8,sender,recipient,6.697370945742e-06,-0.01,3062217313369810061210994,0,1493.8701441524695,-203230
mypool,36241254,0xda6dd4031b5b15ebdfc373823a99857801f1a57824da5199b68d5da9302e45d7,1667893205,33,0xda6dd4031b5b15ebdfc373823a99857801f1a57824da5199b68d5da9302e45d7,sender,recipient,-13.378427004433977,20000.0,3062886478581534562574946,0,1494.5231057498052,-203225
mypool,36241259,0x7a57e86879bd9f8bd3b50e71e8143aa10e0ac814d7d3926c185f1827d88d1530,1667893206,2,0x7a57e86879bd9f8bd3b50e71e8143aa10e0ac814d7d3926c185f1827d88d1530,sender,recipient,0.010133099161583616,-15.136576,3062885971884673564131489,0,1494.5226112684659,-203225
mypool,36241263,0x1686261c316fc0418d899a0c17143acf29df75baf781e58c4c857d14a3519bdb,1667893207,32,0x1686261c316fc0418d899a0c17143acf29df75baf781e58c4c857d14a3519bdb,sender,recipient,0.04670505965851021,-69.76614,3062868863588067495453312,0,1494.5059154691817,-203225
mypool,36241261,0xf7675bf4b2307443d37f10342a58cb7a38c8c720451f535759b9b298dfcea204,1667893207,9,0xf7675bf4b2307443d37f10342a58cb7a38c8c720451f535759b9b298dfcea204,sender,recipient,0.2954345436376525,-441.31071,3062871199009491979540478,0,1494.5081945758755,-203225
mypool,36241312,0xe889852d486b231bcf03f523db2f67266b62b5d9b865f133be5ecb26b3a838a8,1667893220,8,0xe889852d486b231bcf03f523db2f67266b62b5d9b865f133be5ecb26b3a838a8,sender,recipient,3.248289732312641,-4851.903628,3062706447295838318231552,0,1494.3474198335039,-203226
mypool,36241317,0x25cc8801eda6015a8bd5bcbcc1ec67198c14ad09fbbcdd007f253b9533246cf0,1667893222,11,0x25cc8801eda6015a8bd5bcbcc1ec67198c14ad09fbbcdd007f253b9533246cf0,sender,recipient,12.0,-17919.69254,3062106589952528041410066,0,1493.7621156227908,-203230
mypool,36241326,0xa578ef80458cb5c71bb75f7b7c7d12585d6b696c32d7ad2fc6689be7646da739,1667893224,3,0xa578ef80458cb5c71bb75f7b7c7d12585d6b696c32d7ad2fc6689be7646da739,sender,recipient,12.0,-17910.094553,3061286397813217822989226,0,1492.9620077057627,-203236
mypool,36241324,0xaccbe47246a660dfe31da9be1528b607cc8ffea465aedb1a3bddc07448d7b9d0,1667893224,13,0xaccbe47246a660dfe31da9be1528b607cc8ffea465aedb1a3bddc07448d7b9d0,sender,recipient,4.409329164822908,-6582.721735,3061886160776447957925888,0,1493.547063082101,-203232
mypool,36241331,0x9f0634893c087ea430e6317badf0449a8bdaf97a07f37d65405a0a527de62bff,1667893225,10,0x9f0634893c087ea430e6317badf0449a8bdaf97a07f37d65405a0a527de62bff,sender,recipient,4.020456599423191,-6005.992196,3062870422141507617447204,0,1494.5074364405534,-203225
mypool,36241330,0xd87d5130ed36cb613c2be5b643b8b736c29ca34c7b3a2a2ee275f872c6fb5add,1667893225,3,0xd87d5130ed36cb613c2be5b643b8b736c29ca34c7b3a2a2ee275f872c6fb5add,sender,recipient,-35.691389927785195,53343.635542,3063071471267482290659203,0,1494.703644071935,-203224
mypool,36241334,0x8545ef20cfe986cf8790c606fa937b1f330a3f76d7290a38551cd0e9ef1cbc7f,1667893226,3,0x8545ef20cfe986cf8790c606fa937b1f330a3f76d7290a38551cd0e9ef1cbc7f,sender,recipient,3.0492230067964696,-4551.597403,3061714571269041924989956,0,1493.379669645216,-203233
mypool,36241332,0xfb626720bd2bfc4985f6427fc1108f0ca6aedf9dcff6f4d0d0935f85d4257cdc,1667893226,2,0xfb626720bd2bfc4985f6427fc1108f0ca6aedf9dcff6f4d0d0935f85d4257cdc,sender,recipient,20.07223127788801,-29973.277698,3061866992549564851664425,0,1493.5283631319062,-203232
mypool,36241338,0x281fd183119a43e01ee89eea9d8ce8d98d10e79dfb4938d018a757f947ae1a4c,1667893227,3,0x281fd183119a43e01ee89eea9d8ce8d98d10e79dfb4938d018a757f947ae1a4c,sender,recipient,1.9,-2835.665358,3061485012186484549673938,0,1493.1557388985198,-203234
mypool,36241336,0xb2a882b95215a1efb1e1c1d8d12bf88df4a88b53f3526d83d26938c389a19c3b,1667893227,3,0xb2a882b95215a1efb1e1c1d8d12bf88df4a88b53f3526d83d26938c389a19c3b,sender,recipient,2.6929555860216716,-4019.41761,3061579971319879983693824,0,1493.2483677850773,-203234
mypool,36241340,0xec3bb86f046d1fa033aa81bcbfa93f2b6c5e4f7423a822c8eb663f653dd1c44a,1667893228,3,0xec3bb86f046d1fa033aa81bcbfa93f2b6c5e4f7423a822c8eb663f653dd1c44a,sender,recipient,1.3819588694332636,-2062.401549,3061415947667524546461696,0,1493.0883709909633,-203235
mypool,36241344,0x1e493f9896d8fd27c33acdc0dff888c14a70988548c924be5e07013863e6ccc4,1667893229,3,0x1e493f9896d8fd27c33acdc0dff888c14a70988548c924be5e07013863e6ccc4,sender,recipient,0.8,-1193.85787,3061375968440615475524828,0,1493.0493745722895,-203235
mypool,36241364,0xd4a27cc25db3b01d5d07a752bd550a59a49b85e15d2561fb407bf094f35ba54c,1667893234,2,0xd4a27cc25db3b01d5d07a752bd550a59a49b85e15d2561fb407bf094f35ba54c,sender,recipient,0.04503599627370496,-67.207296,3061373717841268524296073,0,1493.0471793145055,-203235
mypool,36241371,0x703dbf9033902b447fb1ed05f7da19aacc965dda6456a9fd25d8b17bf88e6a5e,1667893235,12,0x703dbf9033902b447fb1ed05f7da19aacc965dda6456a9fd25d8b17bf88e6a5e,sender,recipient,6.886131849564934,-10275.024079,3061029633734345329597142,0,1492.7115751171775,-203237
mypool,36241375,0x17d2d8be61db7c79bf9923f385c6c412c00292226b6fd18c02051c84f0d59737,1667893236,2,0x17d2d8be61db7c79bf9923f385c6c412c00292226b6fd18c02051c84f0d59737,sender,recipient,0.06305039478318694,-94.068899,3061026483609056652911846,0,1492.7085028005881,-203237
mypool,36241377,0x2b355e8b04fa33f0e9325d7da5acafbdf6e1a7a6f2e1e05cbbe187bbbef75374,1667893237,16,0x2b355e8b04fa33f0e9325d7da5acafbdf6e1a7a6f2e1e05cbbe187bbbef75374,sender,recipient,2.003,-2988.205233,3060876605032561434756596,0,1492.56232990758,-203238
mypool,36241377,0x6496ec3834e2cdcbaa8758cc8e63e4d47c5836b713cd6b73e2f71bc19982a2a7,1667893237,12,0x6496ec3834e2cdcbaa8758cc8e63e4d47c5836b713cd6b73e2f71bc19982a2a7,sender,recipient,0.997,-1487.462056,3060976672333739486969864,0,1492.6599222936045,-203238
mypool,36241378,0x946581ac0b06a33591b74c3d64342bb0f6405dd38d69b9579676fd7830279c25,1667893237,3,0x946581ac0b06a33591b74c3d64342bb0f6405dd38d69b9579676fd7830279c25,sender,recipient,12.0,-17898.28559,3060276661330106925904338,0,1491.9772912211415,-203242
mypool,36241382,0xced5cbf38ec961920a3c769a3864b386d3d4c6c3e18a72415837100f5830d9e6,1667893238,3,0xced5cbf38ec961920a3c769a3864b386d3d4c6c3e18a72415837100f5830d9e6,sender,recipient,3.0,-4473.474453,3060126541603113018838588,0,1491.8309190104223,-203243
mypool,36241426,0x5d7d1f939edf49f928f5d39a14389ee07d49084c845fe5c7767ddf66d796c7b1,1667893250,9,0x5d7d1f939edf49f928f5d39a14389ee07d49084c845fe5c7767ddf66d796c7b1,sender,recipient,0.006694435317,-9.981971,3060126206630648278065673,0,1491.830592408077,-203243
mypool,36241436,0xd1b5ccc26abda6c276de8025cb46e150d00a56515ab895e61098beb5185ff775,1667893252,21,0xd1b5ccc26abda6c276de8025cb46e150d00a56515ab895e61098beb5185ff775,sender,recipient,-0.33753491716981043,503.799596,3060143104557177756496765,0,1491.8470681425038,-203243
mypool,36241440,0x28b029e1c9da401b793c72c90e3c7591bb26480949ca890144c1fd5f068a8d32,1667893253,3,0x28b029e1c9da401b793c72c90e3c7591bb26480949ca890144c1fd5f068a8d32,sender,recipient,0.11,-164.02083,3060137600387519814879013,0,1491.8417014836898,-203243
mypool,36241445,0x82db4871fdccc6cc7b1323fdbf6dbbf4325a40d275dcdb2a7e04a8e4a14cd354,1667893254,7,0x82db4871fdccc6cc7b1323fdbf6dbbf4325a40d275dcdb2a7e04a8e4a14cd354,sender,recipient,-0.5081735190601546,758.5,3060163041212362697459273,0,1491.8665068004063,-203243
mypool,36241452,0x47b286e660a09d26c933c34668fdbf577c3abfa7d024a1cd58eac88ffb2e6554,1667893256,5,0x47b286e660a09d26c933c34668fdbf577c3abfa7d024a1cd58eac88ffb2e6554,sender,recipient,0.04686067830540577,-69.874867,3060160696369173870767176,0,1491.864220522434,-203243
mypool,36241459,0x8b064ccd27d2a06916f7c17fd3e6b3ba6fa5ef532fd4e17e01e82bd4c8cd60de,1667893258,12,0x8b064ccd27d2a06916f7c17fd3e6b3ba6fa5ef532fd4e17e01e82bd4c8cd60de,sender,recipient,0.1953125,-291.238826,3060180955412263419618755,0,1491.8839736299144,-203243
mypool,36241458,0xe1535891664d46eb2ed0e9d424132c3b5a6b169908c8cba2edb22a99ce32a0c8,1667893258,3,0xe1535891664d46eb2ed0e9d424132c3b5a6b169908c8cba2edb22a99ce32a0c8,sender,recipient,-0.5998782662618649,895.393402,3060190728731333586175339,0,1491.8935029234992,-203243
mypool,36241462,0x689d94347d23527c50629769bc68d59290eb094279057a40566f0205d8a85d08,1667893259,18,0x689d94347d23527c50629769bc68d59290eb094279057a40566f0205d8a85d08,sender,recipient,0.015576246716530164,-23.226327,3060180175989010316524466,0,1491.8832136690305,-203243
mypool,36241477,0x0cc2fdbccbf859b694b3744074714f3b12dc44bc23472e1aba10a0faa9eb12d0,1667893262,10,0x0cc2fdbccbf859b694b3744074714f3b12dc44bc23472e1aba10a0faa9eb12d0,sender,recipient,-0.10709801548368325,159.86063,3060211274499136498677918,0,1491.9135357927626,-203243
mypool,36241477,0xb4c663d7e10b6de2aa3df8ec53a43830b6888bfd467d72889616061c2c3a3d77,1667893262,3,0xb4c663d7e10b6de2aa3df8ec53a43830b6888bfd467d72889616061c2c3a3d77,sender,recipient,-0.5140677869222678,767.319212,3060205912618754603915311,0,1491.9083077518246,-203243
mypool,36241480,0x98fe68a88eaac74db50ed1863a32cda255267b0d980deb01a0eb088c354db84c,1667893263,3,0x98fe68a88eaac74db50ed1863a32cda255267b0d980deb01a0eb088c354db84c,sender,recipient,-0.13447914425286703,200.732064,3060218007247001937383360,0,1491.9201004955378,-203243
mypool,36241490,0x5c33ea1e9dd7383b009997b5a64d5f6494525c00a74d4063656209258b4d1e55,1667893266,3,0x5c33ea1e9dd7383b009997b5a64d5f6494525c00a74d4063656209258b4d1e55,sender,recipient,0.000670612495108846,-1.0,3060217973689254252885105,0,1491.9200677753342,-203243
mypool,36241498,0x4a8c24517e239e7ed423a7240256775ff23a763c8d4e1026efdd0d73e6598a3c,1667893268,3,0x4a8c24517e239e7ed423a7240256775ff23a763c8d4e1026efdd0d73e6598a3c,sender,recipient,2.1518860852003874,-3208.061402,3059794375577737042591744,0,1491.50707053825,-203245
mypool,36241497,0x912d99838fde608fde45bd510b5171e9c9bc3b663a929cc525d9421ff3a1e37c,1667893268,3,0x912d99838fde608fde45bd510b5171e9c9bc3b663a929cc525d9421ff3a1e37c,sender,recipient,3.0,-4473.302881,3060067859719826108770038,0,1491.7737039852896,-203244
mypool,36241497,0xccc6977df84b30b51707e07779482c5d66fac0e70b7befc8c299397f904404a7,1667893268,31,0xccc6977df84b30b51707e07779482c5d66fac0e70b7befc8c299397f904404a7,sender,recipient,3.3144007159200655,-4941.595858,3059902030892833850785792,0,1491.6120262762176,-203245
mypool,36241498,0xec8a8aaa199c7904b222c3330da7731f1c455122431aff7cdaa340a2706eceb5,1667893268,18,0xec8a8aaa199c7904b222c3330da7731f1c455122431aff7cdaa340a2706eceb5,sender,recipient,-0.20111650122086167,300.0,3059204236519817322525877,0,1490.9317954784244,-203249
mypool,36241498,0xef421b521eec61dff8ea86ea512c184f60025b452234f6b6a712db5a67777400,1667893268,12,0xef421b521eec61dff8ea86ea512c184f60025b452234f6b6a712db5a67777400,sender,recipient,12.0,-17885.626717,3059194174229174125724192,0,1490.9219875916522,-203249
mypool,36241499,0x6da5f559d44848596673dbc022bbd639dbf3a5807a044f566609660d71391508,1667893269,17,0x6da5f559d44848596673dbc022bbd639dbf3a5807a044f566609660d71391508,sender,recipient,-0.44916117805216604,670.008606,3059226709257550649884010,0,1490.9537001566948,-203249
mypool,36241504,0x932c8ddcb5959087b4f53af0870013e2ebd6a21e91c52b58cfabfa44387ba148,1667893270,2,0x932c8ddcb5959087b4f53af0870013e2ebd6a21e91c52b58cfabfa44387ba148,sender,recipient,-0.29563451149784287,441.0,3059241500824796149182487,0,1490.9681179147278,-203249
mypool,36241508,0x1a7544bebf2be4dce0619ce42d4d925ced2b71c517e865a9759ae27bf0243cbb,1667893271,3,0x1a7544bebf2be4dce0619ce42d4d925ced2b71c517e865a9759ae27bf0243cbb,sender,recipient,2.1670000000000003,-3229.198058,3059133136211119486115548,0,1490.8624934829722,-203250
mypool,36241509,0x0e0092bc420e424697bc9825e7d7381ab904b6533eb65aee1feb84a1d0afc795,1667893272,3,0x0e0092bc420e424697bc9825e7d7381ab904b6533eb65aee1feb84a1d0afc795,sender,recipient,0.833,-1241.250611,3059091482636283078954638,0,1490.821894184479,-203250
mypool,36241513,0x48a9695bc42d4be2c28040cba64daa94b4dffa97fb1b286dd2ce5d6e302150d0,1667893273,7,0x48a9695bc42d4be2c28040cba64daa94b4dffa97fb1b286dd2ce5d6e302150d0,sender,recipient,3.0,-4470.010219,3058941440614913575566764,0,1490.6756543965473,-203251
mypool,36241518,0x82b9fdcfd3ec275582a7ed764da1d36ec430c5385fc8d199ba22b3fa45f6eac5,1667893274,5,0x82b9fdcfd3ec275582a7ed764da1d36ec430c5385fc8d199ba22b3fa45f6eac5,sender,recipient,-0.33524882315841176,500.0,3058958219147111383360056,0,1490.6920073856736,-203251
mypool,36241520,0xa703b5532e0ebfe801e82cea84d44f4f4e11e2c2b15a2280bb16c300b89f854a,1667893274,10,0xa703b5532e0ebfe801e82cea84d44f4f4e11e2c2b15a2280bb16c300b89f854a,sender,recipient,0.37270234075,-555.303223,3058939575479236631133374,0,1490.673836570641,-203251
mypool,36241524,0x01dc36dd1c82e4b94a73a1cb96cb137b1ef99b3957ec1346ccde18a2dbf392d2,1667893275,15,0x01dc36dd1c82e4b94a73a1cb96cb137b1ef99b3957ec1346ccde18a2dbf392d2,sender,recipient,3.5,-5213.757892,3058561137781722133673886,0,1490.3050209958642,-203254
mypool,36241524,0x03594a03946a23f7ccce20eac47b210797310dd86f426077a50365f90c2ef921,1667893275,6,0x03594a03946a23f7ccce20eac47b210797310dd86f426077a50365f90c2ef921,sender,recipient,0.9381705033320283,-1397.642521,3058736171308695735229291,0,1490.4755984643668,-203252
mypool,36241522,0x80350fc024ab6f81c855fe553db408bfaa7a5f0389140eac36114f0918f2cfe0,1667893275,13,0x80350fc024ab6f81c855fe553db408bfaa7a5f0389140eac36114f0918f2cfe0,sender,recipient,3.1284087715172664,-4660.866943,3058783092225446500106240,0,1490.5213265127857,-203252
mypool,36241524,0xdbb60e9e9f322b278ff773edbcbf91b9c1c200b9f8133b67a99bc1118a20dc87,1667893275,19,0xdbb60e9e9f322b278ff773edbcbf91b9c1c200b9f8133b67a99bc1118a20dc87,sender,recipient,3.0,-4468.46043,3058411124987596819683336,0,1490.1588350426316,-203254
mypool,36241527,0xc1f7ff0ef2f0a45dc44c65d94757b7d92eb7bce9a269d9a4f0f1a0ba09f07b95,1667893276,18,0xc1f7ff0ef2f0a45dc44c65d94757b7d92eb7bce9a269d9a4f0f1a0ba09f07b95,sender,recipient,0.2000649204017288,-297.978469,3058401121411747960369292,0,1490.1490869139825,-203255
mypool,36241529,0x1550a68a0b4a0b122ee18270c33608e52eea06b98c8c6aa132608fb99e780ad1,1667893277,8,0x1550a68a0b4a0b122ee18270c33608e52eea06b98c8c6aa132608fb99e780ad1,sender,recipient,-0.011492194929511049,17.133654,3058401696326126256530688,0,1490.14964714672,-203255
mypool,36241544,0x0cbdfd94dfb46ac4f2fd5bb6a8dedf2f035300ae5a916dd652cc8f458bbbde3c,1667893281,3,0x0cbdfd94dfb46ac4f2fd5bb6a8dedf2f035300ae5a916dd652cc8f458bbbde3c,sender,recipient,-0.0670737268120783,100.0,3058405051794750194110191,0,1490.1529169285377,-203255
mypool,36241557,0xe0bd98d23bbca23aec07e6fd5c01da8106099660fbf5b209e3edd3ace3aa6c1e,1667893284,3,0xe0bd98d23bbca23aec07e6fd5c01da8106099660fbf5b209e3edd3ace3aa6c1e,sender,recipient,-0.9438228954728248,1407.165737,3058452268799537614460659,0,1490.1989285583577,-203254
mypool,36241575,0x75c94132fd0333cc7e63d93cf2cd3686a596834ddf8642540e9c642f1e982e4e,1667893289,9,0x75c94132fd0333cc7e63d93cf2cd3686a596834ddf8642540e9c642f1e982e4e,sender,recipient,-0.34876921259507127,519.998472,3058469717185084880695719,0,1490.2159316941477,-203254
mypool,36241583,0x8f3161bb35f04d9b83d4372a83a06ef7dc2e7a64aee2ce6f991c2d48d0959cfa,1667893291,3,0x8f3161bb35f04d9b83d4372a83a06ef7dc2e7a64aee2ce6f991c2d48d0959cfa,sender,recipient,0.1266594972879349,-188.625857,3058225239828697787279070,0,1489.9777017791398,-203256
mypool,36241582,0xe6560a75aa49b5925e45b9de9284aae0468b0d099a42090241b6e29ffe1010f6,1667893291,3,0xe6560a75aa49b5925e45b9de9284aae0468b0d099a42090241b6e29ffe1010f6,sender,recipient,4.762913937127595,-7093.66896,3058231572276381220941267,0,1489.9838721654746,-203256
mypool,36241589,0xf154158a12f12e618a03ee355807814f63f70d9e36dff333d7c00a86e9641ba9,1667893293,3,0xf154158a12f12e618a03ee355807814f63f70d9e36dff333d7c00a86e9641ba9,sender,recipient,3.0,-4467.479036,3058075259981429410208171,0,1489.831563982832,-203257
mypool,36241596,0xb4215cc8e04f744516b951fa35b5c061a6750e02036dd50e99bbc8e38b8d92cc,1667893294,16,0xb4215cc8e04f744516b951fa35b5c061a6750e02036dd50e99bbc8e38b8d92cc,sender,recipient,0.184,-273.991119,3058066061696251787350072,0,1489.8226015644366,-203257
mypool,36241608,0x8211c9a5cf6ab1a89ea09d29a638ce73abdd607a7363d5d6763f73be91b0e603,1667893298,33,0x8211c9a5cf6ab1a89ea09d29a638ce73abdd607a7363d5d6763f73be91b0e603,sender,recipient,-0.013417701941289486,20.0,3058066732789976574865972,0,1489.8232554487467,-203257
mypool,36241636,0x06e401edce6c3805c1e40d4bda722b33a994cf6f39018de3d18b8e571327bdd3,1667893305,3,0x06e401edce6c3805c1e40d4bda722b33a994cf6f39018de3d18b8e571327bdd3,sender,recipient,0.003357780402015199,-5.0,3058067236026341485564488,0,1489.823745780297,-203257
mypool,36241633,0x9e19771d348fd5ee9b5abafe4824c6e26e36f9dadea97ea167859a53c4934b06,1667893305,3,0x9e19771d348fd5ee9b5abafe4824c6e26e36f9dadea97ea167859a53c4934b06,sender,recipient,-0.013417696052252794,20.0,3058067403883701362381872,0,1489.8239093332004,-203257
mypool,36241649,0x2c361596fe198ee35ca28ec19e70bfdbce9ed0d4c1f09ec7fa01c8d705807485,1667893310,5,0x2c361596fe198ee35ca28ec19e70bfdbce9ed0d4c1f09ec7fa01c8d705807485,sender,recipient,-0.2012647561968385,300.0,3058077302432213298302997,0,1489.8335540637836,-203257
mypool,36241657,0xff05fbef0c654d9eea8834cb3f1ede55aa3720f953a2f243968fed12030f61b8,1667893311,12,0xff05fbef0c654d9eea8834cb3f1ede55aa3720f953a2f243968fed12030f61b8,sender,recipient,-0.15765939066567405,235.004359,3058085187929716883539512,0,1489.8412373842207,-203257
mypool,36241712,0xa1aef4839d7120b16c0f0371663ee2dad752450fe9bc549c61403d0623fe3a48,1667893326,20,0xa1aef4839d7120b16c0f0371663ee2dad752450fe9bc549c61403d0623fe3a48,sender,recipient,0.000671385013349012,-1.0,3058456871945356344899405,0,1490.2034142311923,-203254
mypool,36241710,0xc80f8845550dbda9ff787514dfc4593e866792863531ea0479f83b1dc2554a6f,1667893326,3,0xc80f8845550dbda9ff787514dfc4593e866792863531ea0479f83b1dc2554a6f,sender,recipient,-7.440112460566429,11091.479453,3058456905475914603692032,0,1490.2034469060704,-203254
mypool,36241716,0x927703e3079338f0252d4dd224525774299391d7dfedca9ec6cf78f9be49a06e,1667893327,8,0x927703e3079338f0252d4dd224525774299391d7dfedca9ec6cf78f9be49a06e,sender,recipient,0.08106479329266893,-120.766774,3058760627805234795279641,0,1490.4994331169823,-203252
mypool,36241714,0xe779419d6d87a894bba62214e1c2d099685d8b821f3ace4a424035382d615660,1667893327,8,0xe779419d6d87a894bba62214e1c2d099685d8b821f3ace4a424035382d615660,sender,recipient,-6.1595071154982035,9184.434525,3058764677182613375418368,0,1490.5033795511215,-203252
mypool,36241720,0x7b297f02398cfdb3e981df537eeaf296c3e5c7ae396f12d124888a6e2040fb63,1667893329,2,0x7b297f02398cfdb3e981df537eeaf296c3e5c7ae396f12d124888a6e2040fb63,sender,recipient,0.04503599627370496,-67.092514,3058758378155768379699643,0,1490.4972406603442,-203252
mypool,36241740,0x94d2bcfe0853113cd1172da17957b5ef86ed942381378fe4ade3d07724a3424c,1667893334,7,0x94d2bcfe0853113cd1172da17957b5ef86ed942381378fe4ade3d07724a3424c,sender,recipient,-0.040029544738147814,59.693812,3058760378721822762763825,0,1490.4991903659375,-203252
mypool,36241742,0x0ee866688a50c034b2c3ad80e9d636fb9585257e64873446c70e272ad29b22c3,1667893335,54,0x0ee866688a50c034b2c3ad80e9d636fb9585257e64873446c70e272ad29b22c3,sender,recipient,-0.009436346813080723,14.071905,3058760801018192283566951,0,1490.4996019264145,-203252
mypool,36241742,0xa6013456d9e086e77579eb82956d89f0321851fb757c71125c32da4809d32844,1667893335,17,0xa6013456d9e086e77579eb82956d89f0321851fb757c71125c32da4809d32844,sender,recipient,0.000987072850235242,-1.470495,3058760329415282876780568,0,1490.499142312904,-203252
mypool,36241755,0x42637fd99b0629b4f81cb62f560e931855b9f9bd7f27cb51ba29724ba3e90d03,1667893338,3,0x42637fd99b0629b4f81cb62f560e931855b9f9bd7f27cb51ba29724ba3e90d03,sender,recipient,-6.883090272663974,10265.529935,3059104789697167548049180,0,1490.8348643757763,-203250
mypool,36241774,0x1c293345a351c7fbcac8b4bc263681afff97434711ca76602155c37aeb4f6c3e,1667893343,5,0x1c293345a351c7fbcac8b4bc263681afff97434711ca76602155c37aeb4f6c3e,sender,recipient,-2.0006656766376256,2984.251734,3059204752944203955543898,0,1490.9322988469762,-203249
mypool,36241803,0x178971f961767aa33545039365f526703acdf831ff5094c2c750d1276f9f6494,1667893351,3,0x178971f961767aa33545039365f526703acdf831ff5094c2c750d1276f9f6494,sender,recipient,-0.0908184410866972,135.472085,3059209290842012623901420,0,1490.9367220248778,-203249
mypool,36241824,0x7a41fc68a03cde134435b68907ad90aaf4ccb338e4e283322bbe883d2840c99b,1667893356,6,0x7a41fc68a03cde134435b68907ad90aaf4ccb338e4e283322bbe883d2840c99b,sender,recipient,0.12,-178.8226,3059203297838854064493127,0,1490.9308805286723,-203249
mypool,36241825,0xb69292e04fea69bd81aea5f17131e761693de4562809b7bca7ae8c5db9a4d1f8,1667893357,3,0xb69292e04fea69bd81aea5f17131e761693de4562809b7bca7ae8c5db9a4d1f8,sender,recipient,0.01,-14.901851,3059202798422984074099009,0,1490.9303937388713,-203249
mypool,36241834,0x920a7052e6372477c0d5816386c567e77812696d43e0bc5808b35846ae9962d3,1667893359,5,0x920a7052e6372477c0d5816386c567e77812696d43e0bc5808b35846ae9962d3,sender,recipient,0.040029544738147814,-59.651385,3059200799285625765350181,0,1490.9284451438475,-203249
mypool,36241838,0x4a90ef1e8c4c4818338aca4eca1f17a4ff3b1675bdd480ede94b8bd111e50421,1667893360,6,0x4a90ef1e8c4c4818338aca4eca1f17a4ff3b1675bdd480ede94b8bd111e50421,sender,recipient,-0.6703802984535128,1000.0,3059234296207451082387587,0,1490.961095362169,-203249
mypool,36241862,0x6d210e64fe709ea26d8d26672f30a927932e442f58965c4a5b7372e1599bcbb7,1667893366,6,0x6d210e64fe709ea26d8d26672f30a927932e442f58965c4a5b7372e1599bcbb7,sender,recipient,0.012,-17.882583,3059233696896281417645852,0,1490.9605111966794,-203249
mypool,36241878,0x919235535a5f831098ab39a8ee75a0f3ba68f4885b42b63972b443d1af4a7574,1667893370,10,0x919235535a5f831098ab39a8ee75a0f3ba68f4885b42b63972b443d1af4a7574,sender,recipient,-0.2955563272214554,440.885383,3059248465199479354637117,0,1490.9749063114139,-203249
mypool,36241888,0xe92c1332b5650c23183e35aa6812046108ccf1598083a6f5480ec383cd492e8c,1667893373,5,0xe92c1332b5650c23183e35aa6812046108ccf1598083a6f5480ec383cd492e8c,sender,recipient,-0.47967764352617354,715.550709,3059272433945619144737805,0,1490.998269525898,-203249
mypool,36241891,0xfb1d3ab192acf118cc9f5431ab279c0a24603176708b66d27f8b2b40634bfac4,1667893374,4,0xfb1d3ab192acf118cc9f5431ab279c0a24603176708b66d27f8b2b40634bfac4,sender,recipient,2.2,-3278.438346,3059162561416341035632421,0,1490.8911742522346,-203250
mypool,36241909,0xc7147b237049e15adf09d8709a33c84550e935464c10b39e619187d1bfe7a0a5,1667893379,3,0xc7147b237049e15adf09d8709a33c84550e935464c10b39e619187d1bfe7a0a5,sender,recipient,1.3421506111553e-05,-0.02,3059162560746067462339433,0,1490.8911735989154,-203250
mypool,36241922,0x373a960797b3b2a36b1f4f7ff51842fbf654c9cdfec8c89644318147f3bf2db3,1667893382,19,0x373a960797b3b2a36b1f4f7ff51842fbf654c9cdfec8c89644318147f3bf2db3,sender,recipient,0.003011397578844311,-4.489171,3059759061736610418836664,0,1491.4726430354053,-203246
mypool,36241923,0x73b57bf5abff445aade693ca627fd4539920832771879ed48255f86d1cf2a055,1667893382,5,0x73b57bf5abff445aade693ca627fd4539920832771879ed48255f86d1cf2a055,sender,recipient,0.004,-5.962907,3059758861897653357293903,0,1491.4724482133154,-203246
mypool,36241921,0x7a6748d4631aa9b072dc5299f0db3499ab0c06837f730cfc50d3c409406a0cfb,1667893382,3,0x7a6748d4631aa9b072dc5299f0db3499ab0c06837f730cfc50d3c409406a0cfb,sender,recipient,-11.939,17812.127405,3059759212185265505987765,0,1491.4727897071232,-203246
mypool,36241927,0x48a8965b50c100e7afee3b9d5dcce0c46186f0dc034a0e2610e4191f2dd0609e,1667893383,8,0x48a8965b50c100e7afee3b9d5dcce0c46186f0dc034a0e2610e4191f2dd0609e,sender,recipient,-3.0,4477.665937,3060179090924359537882498,0,1491.882155699004,-203243
