pool,block_number,block_hash,block_time,log_index,tx_hash,sender,recipient,amount0,amount1,sqrt_price_x96,liquidity,price,tick
mypool,15916636,0x63eafd47a26e7b435666bc8e6073b92ee780309b94a81cd889e24d61cda18c50,1667805899,2,0x63eafd47a26e7b435666bc8e6073b92ee780309b94a81cd889e24d61cda18c50,sender,recipient,-527012.26276,335.4833284983422,1998857226242208167102255558448377,0,6.365087550480123e+20,202725
mypool,15916637,0x413f7929fd4e574da7ad97d4b90f0d47f1802581bc21898af60279498ee612b3,1667805911,12,0x413f7929fd4e574da7ad97d4b90f0d47f1802581bc21898af60279498ee612b3,sender,recipient,2250.208315,-1.4315585843103105,1998853638325684531139477635186543,0,6.365064700041383e+20,202725
mypool,15916638,0x3dc84507966294b201ba00ba75f8c367269f599257303a26fedcdb5dc7d13b27,1667805923,2,0x3dc84507966294b201ba00ba75f8c367269f599257303a26fedcdb5dc7d13b27,sender,recipient,66695.240567,-42.4284688589444,1998747299817320291870347425952516,0,6.364387478389229e+20,202724
mypool,15916638,0x5eec8c50669c0f65880a9abbd1d06c594e8fa9abea2ae557f3e56463eee223a9,1667805923,251,0x5eec8c50669c0f65880a9abbd1d06c594e8fa9abea2ae557f3e56463eee223a9,sender,recipient,30.209795,-0.019217070231911212,1998747251653560473291174816424733,0,6.364387171664285e+20,202724
mypool,15916639,0x4aa897a12f15cdb24a7f6b525162b102f51a0007324a862f0bb57edc23db7bbd,1667805935,107,0x4aa897a12f15cdb24a7f6b525162b102f51a0007324a862f0bb57edc23db7bbd,sender,recipient,-15411.826048,9.813701309655277,1998770920151710081447134200794218,0,6.364537902456044e+20,202724
mypool,15916639,0x7fa2f1933932689344f6dbe22285724e97fb34237b6eb36b726e093aeb488ec9,1667805935,147,0x7fa2f1933932689344f6dbe22285724e97fb34237b6eb36b726e093aeb488ec9,sender,recipient,4236.597518,-2.695041240533343,1998764165567507403839063471641260,0,6.364494886286357e+20,202724
mypool,15916639,0xf9f2c63b3e391c490f04cc925078ced377cb26ff5d0fd7504618bfdda8910609,1667805935,74,0xf9f2c63b3e391c490f04cc925078ced377cb26ff5d0fd7504618bfdda8910609,sender,recipient,574.099588,-0.36519634834326964,1998746336361635327524720185569499,0,6.364381342742346e+20,202724
mypool,15916640,0x22c1a732b924959764243d96e393f2e79e23b51fa88867fadd8a0f4c5fd8008d,1667805947,156,0x22c1a732b924959764243d96e393f2e79e23b51fa88867fadd8a0f4c5fd8008d,sender,recipient,-5103.913751,3.25,1998765683640325890261041924373490,0,6.364504554030582e+20,202724
mypool,15916640,0xaa066c3248758393733a37ca0cc47297552459a66278161b4afda352528335c5,1667805947,6,0xaa066c3248758393733a37ca0cc47297552459a66278161b4afda352528335c5,sender,recipient,4154.301731,-2.6426724535232293,1998757542235241109178120752032915,0,6.364452706128015e+20,202724
mypool,15916641,0x5827c200ab6871b33e791edde257d28ab491c22422336a73285d3ae2b11ceb60,1667805959,2,0x5827c200ab6871b33e791edde257d28ab491c22422336a73285d3ae2b11ceb60,sender,recipient,255289.268709,-162.3646688005561,1998358748929843989610617858008538,0,6.361913280633564e+20,202720
mypool,15916642,0x1435e2d767af3de4fc84cf703a36f27f1943d84332f1f702e8e6fd006ff6642c,1667805971,135,0x1435e2d767af3de4fc84cf703a36f27f1943d84332f1f702e8e6fd006ff6642c,sender,recipient,-3142.957681,2.0,1998099102301244530920870659507911,0,6.360260182036224e+20,202717
mypool,15916642,0x65f4e0768e5f770859a16d19961e0872bb1a863114b2eaa5a3a78b2947b4d8b8,1667805971,2,0x65f4e0768e5f770859a16d19961e0872bb1a863114b2eaa5a3a78b2947b4d8b8,sender,recipient,277720.188639,-176.57079469223962,1998096244314677978932806645927283,0,6.36024198721782e+20,202717
mypool,15916644,0x6aeced029dd124806af08f96b85ed128e95e332a623f42846c6703d1363928b9,1667805995,2,0x6aeced029dd124806af08f96b85ed128e95e332a623f42846c6703d1363928b9,sender,recipient,101381.489499,-64.44605249207382,1998006963255576871470842788870323,0,6.359673609737752e+20,202716
mypool,15916645,0x3e212cbd971b35251cbb8ad299be50e88c450442f1ae97d31cf3114291e3d676,1667806007,154,0x3e212cbd971b35251cbb8ad299be50e88c450442f1ae97d31cf3114291e3d676,sender,recipient,-37000.0,23.534849272877256,1997696401258348769341771663435253,0,6.357696720291754e+20,202713
mypool,15916645,0x4225485f14803b13cfe38b44181a5c221b26cf28bd57686d964cf5c5c1e66bbc,1667806007,6,0x4225485f14803b13cfe38b44181a5c221b26cf28bd57686d964cf5c5c1e66bbc,sender,recipient,378821.793785,-240.75635769663592,1997662770116814914828967302495410,0,6.357482658937589e+20,202713
mypool,15916645,0xb5ddbe989b852fc957966c74ad3d69f144752e032eed72bd00a664d26e0779ec,1667806007,3,0xb5ddbe989b852fc957966c74ad3d69f144752e032eed72bd00a664d26e0779ec,sender,recipient,-20.0,0.012725710190336411,1998006981440531258378444142046288,0,6.35967372550349e+20,202716
mypool,15916646,0x6439c1bc034138beed2f536e8cdf4b2d13a5794e1985926c138bc5238376e3ed,1667806019,106,0x6439c1bc034138beed2f536e8cdf4b2d13a5794e1985926c138bc5238376e3ed,sender,recipient,-110.04771,0.07,1997696501287878598661353903910575,0,6.357697356982523e+20,202713
mypool,15916647,0x1be86b95b7102be124588c6d8bc0ed77d3e88e93152a7d1c391a745243df9b7b,1667806031,195,0x1be86b95b7102be124588c6d8bc0ed77d3e88e93152a7d1c391a745243df9b7b,sender,recipient,-6318.818687,4.019340287197,1997703582516199866730529428311944,0,6.357742429280888e+20,202713
mypool,15916647,0xb1387c3717f616829f55ac0b6df9fb700a686d2300565274c77985348b60ef36,1667806031,122,0xb1387c3717f616829f55ac0b6df9fb700a686d2300565274c77985348b60ef36,sender,recipient,-786.054986,0.5,1997696916467790437625285687027009,0,6.357699999614675e+20,202713
mypool,15916647,0xb2a76122211ff93ae0a58f08851b8ffb0f7976f6e4c8f90b5e2c3ec7f2f3348b,1667806031,49,0xb2a76122211ff93ae0a58f08851b8ffb0f7976f6e4c8f90b5e2c3ec7f2f3348b,sender,recipient,329.45873,-0.20935512779198473,1997696201971148799628269683631852,0,6.357695451823218e+20,202713
mypool,15916647,0xb3eebc2accb97c9e87ba4f9d009acdfb492520fdda73e855e3e75d28a0c001e7,1667806031,167,0xb3eebc2accb97c9e87ba4f9d009acdfb492520fdda73e855e3e75d28a0c001e7,sender,recipient,-1014.821428,0.6455160752815298,1997697838905926261612212276006517,0,6.357705870962067e+20,202713
mypool,15916649,0x1324b2413181fc2fdc00f0eeb3642639b119bc28d15bd5272397099f22bb290e,1667806055,40,0x1324b2413181fc2fdc00f0eeb3642639b119bc28d15bd5272397099f22bb290e,sender,recipient,-257793.980341,164.0,1997937937414657129751778541923504,0,6.359234197619444e+20,202716
mypool,15916649,0xa5f4f6304936e3a8784a0bb1de3ec26a6d18606c7658024f965509084afc0b73,1667806055,208,0xa5f4f6304936e3a8784a0bb1de3ec26a6d18606c7658024f965509084afc0b73,sender,recipient,-20213.965069,12.86,1997872224777204330477305198020830,0,6.358815891153201e+20,202715
mypool,15916649,0xb0fdaf0e54174e8efe16157911d4b32ad53043986a6a002ffce7f955a046e7d7,1667806055,107,0xb0fdaf0e54174e8efe16157911d4b32ad53043986a6a002ffce7f955a046e7d7,sender,recipient,92539.041353,-58.8158442127246,1997853847923581401194053590697387,0,6.358698912209333e+20,202715
mypool,15916649,0xf4f7303886989b0d2733e9d27847cebb8af60454396284a0a47847d2a972a48d,1667806055,328,0xf4f7303886989b0d2733e9d27847cebb8af60454396284a0a47847d2a972a48d,sender,recipient,-377.239981,0.24,1997872567735592316715872879650505,0,6.358818074285243e+20,202715
mypool,15916650,0xb76b4fb09496eef2a740d57ff82d22cddcd0c8b067f5107f7b7e4e11e75f1140,1667806067,2,0xb76b4fb09496eef2a740d57ff82d22cddcd0c8b067f5107f7b7e4e11e75f1140,sender,recipient,571916.77259,-363.39510944026165,1997353018790554319015569079328066,0,6.355511269128705e+20,202710
mypool,15916650,0xc4469143205deb22e4084e8fb20ce4dfe0e77fd97d00da8beb022614ee94a78c,1667806067,10,0xc4469143205deb22e4084e8fb20ce4dfe0e77fd97d00da8beb022614ee94a78c,sender,recipient,-1051.041254,0.6683249358156328,1997353973822398645414688136584172,0,6.355517346889665e+20,202710
mypool,15916651,0xa684e148164c68f8d2697d10579189edc7ca139c6eb93c707e6773254fad3082,1667806079,2,0xa684e148164c68f8d2697d10579189edc7ca139c6eb93c707e6773254fad3082,sender,recipient,178648.306786,-113.4687353937882,1997082866488937649764308309592997,0,6.353792154012274e+20,202707
mypool,15916652,0x1c697d9954b725d68e74d1cca64e2c02c67f51c16f4d2e12031dc5e2945a1058,1667806091,157,0x1c697d9954b725d68e74d1cca64e2c02c67f51c16f4d2e12031dc5e2945a1058,sender,recipient,-1573.072956,1.0,1997086255541527223833367558609235,0,6.35381371882001e+20,202707
mypool,15916652,0xd55ef32048ce34c7f46710a8bace2d5b47820826b1f49da10ec102e5df803098,1667806091,109,0xd55ef32048ce34c7f46710a8bace2d5b47820826b1f49da10ec102e5df803098,sender,recipient,-555.897425,0.3533825180365234,1997083751406484537690408296398522,0,6.353797784808578e+20,202707
mypool,15916653,0x6e073233ab90ae612013004351c4684fb2a70f000ee71fa367cd65ac179bdefb,1667806103,105,0x6e073233ab90ae612013004351c4684fb2a70f000ee71fa367cd65ac179bdefb,sender,recipient,-6292.252377,4.0,1997096272081697968405204607452088,0,6.353877455065531e+20,202707
mypool,15916654,0xd540163c6c407d267168b747ae92e9961bd4bb261ed3454f63f8f95ae2cec83c,1667806115,5,0xd540163c6c407d267168b747ae92e9961bd4bb261ed3454f63f8f95ae2cec83c,sender,recipient,-16322.649515,10.376534683964618,1997122256325821732384333600735203,0,6.354042796896365e+20,202707
mypool,15916655,0xd07f53f77058ac9cb73aa6691ab5c4641e14e6a1eb5b1df9792e5667ed82310a,1667806127,161,0xd07f53f77058ac9cb73aa6691ab5c4641e14e6a1eb5b1df9792e5667ed82310a,sender,recipient,-1029.114934,0.6542350050061011,1997128960605599283895978043582024,0,6.354085457631828e+20,202707
mypool,15916655,0xff73994ff74089033cc4d06ac3489cb690f132cc1014929f373c6138c63ad378,1667806127,146,0xff73994ff74089033cc4d06ac3489cb690f132cc1014929f373c6138c63ad378,sender,recipient,-3182.276299,2.0230486331638056,1997127322312797096174071026936486,0,6.354075032818602e+20,202707
mypool,15916664,0xd2f28a36ea848484f25f9378e2db21bf3ec539033a23bd7ec424383203a25337,1667806235,136,0xd2f28a36ea848484f25f9378e2db21bf3ec539033a23bd7ec424383203a25337,sender,recipient,-1923.483399,1.2228110689902045,1997132022689647726769739672973399,0,6.354104942361178e+20,202707
mypool,15916665,0x34a6ce768ca83d8113535f4c3ed1fb18f623a74d2d163a4ee53c05cae81620f4,1667806247,2,0x34a6ce768ca83d8113535f4c3ed1fb18f623a74d2d163a4ee53c05cae81620f4,sender,recipient,116394.72567,-73.914596558298,1996946837965878199412429025684180,0,6.352926624051703e+20,202706
mypool,15916665,0xa0cfa08ce0e652b86ef97158e5ab5dc650cef46c0b3f51b91e7e20cc38a92df6,1667806247,18,0xa0cfa08ce0e652b86ef97158e5ab5dc650cef46c0b3f51b91e7e20cc38a92df6,sender,recipient,25000.0,-15.874059251921112,1996907067292499098023454659179653,0,6.352673580105809e+20,202705
mypool,15916667,0x6858a6838cbb2561753829c4f04ceefc4113d5045e8a2645565663ea7b3e1f03,1667806271,20,0x6858a6838cbb2561753829c4f04ceefc4113d5045e8a2645565663ea7b3e1f03,sender,recipient,1155.526067,-0.7337002816952428,1996905229088811032238574472566472,0,6.352661884516345e+20,202705
mypool,15916669,0xa1c4834882eb35dd588d3cc4c2f20570cd8dc02002ecdd1cd5f4356ee5513979,1667806295,2,0xa1c4834882eb35dd588d3cc4c2f20570cd8dc02002ecdd1cd5f4356ee5513979,sender,recipient,179611.788672,-114.02793017674526,1996619544910921530988969326114881,0,6.350844346916931e+20,202702
mypool,15916671,0x01b826e5f02e2f34e5cfafc2f34b6c0f202a8a53be66cd42253364323c3dc868,1667806319,10,0x01b826e5f02e2f34e5cfafc2f34b6c0f202a8a53be66cd42253364323c3dc868,sender,recipient,-107017.504738,68.0,1996644471420216030218952002923994,0,6.351002920310854e+20,202703
mypool,15916671,0x2a8e637babc44ecae834790bf32aee6aabd5fc3df0bd9c112fc8de532ee67c71,1667806319,166,0x2a8e637babc44ecae834790bf32aee6aabd5fc3df0bd9c112fc8de532ee67c71,sender,recipient,-79.14712,0.05029150836751876,1996644597356944482866046313470124,0,6.351003721479582e+20,202703
mypool,15916672,0x17d97245916c676c068931c837ab00e0668a4c0a7e4a42db8d9f4f92151dc68d,1667806331,182,0x17d97245916c676c068931c837ab00e0668a4c0a7e4a42db8d9f4f92151dc68d,sender,recipient,-2990.654068,1.9,1996481133649108620081725482278691,0,6.349963860783736e+20,202701
mypool,15916672,0x512afc2542724f63187d370592c4588fef857ee0f5d0809cff94fe571030e988,1667806331,2,0x512afc2542724f63187d370592c4588fef857ee0f5d0809cff94fe571030e988,sender,recipient,105783.552153,-67.14392425673648,1996476375792527516410102884078336,0,6.349933595352387e+20,202701
mypool,15916673,0x013a2e91e7cbf3422f158aea7dd0a86227e61f8511941c57520ff8ec4dafd3da,1667806343,60,0x013a2e91e7cbf3422f158aea7dd0a86227e61f8511941c57520ff8ec4dafd3da,sender,recipient,89962.618131,-57.09328505425318,1996338118248374065965967790119962,0,6.34905415010922e+20,202700
mypool,15916673,0x24546174ef35734dcf1b21132203ab13ac3ca3962c23ab835c61382d3ce72a7a,1667806343,45,0x24546174ef35734dcf1b21132203ab13ac3ca3962c23ab835c61382d3ce72a7a,sender,recipient,-708.310717,0.45,1996482260509877828846057150273511,0,6.349971028922778e+20,202701
mypool,15916673,0x575a8fe558246b026309a00b2de81f18f3c2b846ecc21f6ee49ecb9719151430,1667806343,57,0x575a8fe558246b026309a00b2de81f18f3c2b846ecc21f6ee49ecb9719151430,sender,recipient,692.681646,-0.43963067,1996481159064588597642826638789367,0,6.349964022455568e+20,202701
mypool,15916677,0xeb7cb2d0a69ff5736f55370e22532712eadfab20a043b546e9d09a5c0fb57efa,1667806391,165,0xeb7cb2d0a69ff5736f55370e22532712eadfab20a043b546e9d09a5c0fb57efa,sender,recipient,-110.197506,0.07,1996338293537827053995974938474711,0,6.34905526507293e+20,202700
mypool,15916682,0xf6aa578dd805136b81f688a5af99221b994be8398ae2483eae68c0ebd1310657,1667806451,66,0xf6aa578dd805136b81f688a5af99221b994be8398ae2483eae68c0ebd1310657,sender,recipient,-527.373515,0.335,1996339132423066353853866291315299,0,6.349060600972043e+20,202700
mypool,15916683,0x15a5dc9b3c0873f2f29b9a4a3efb82ce11f4b63b25fdfd4f63c8469b7250a4d8,1667806463,63,0x15a5dc9b3c0873f2f29b9a4a3efb82ce11f4b63b25fdfd4f63c8469b7250a4d8,sender,recipient,199.335335,-0.12649591213465003,1996338815501759367436248019942546,0,6.349058585129753e+20,202700
mypool,15916683,0xb419a73cec833f58265254d5e3010585ade72c6edad0f95f7e0c14c7d4a9e942,1667806463,198,0xb419a73cec833f58265254d5e3010585ade72c6edad0f95f7e0c14c7d4a9e942,sender,recipient,-310.0,0.1969193244176383,1996339308614340223725328272298705,0,6.349061721672535e+20,202700
mypool,15916684,0x99b8aa07e7b215fc225f559bc4678deee0b515c8cc261c5ce8bd11286b57ada0,1667806475,117,0x99b8aa07e7b215fc225f559bc4678deee0b515c8cc261c5ce8bd11286b57ada0,sender,recipient,221.998208,-0.14087753297700317,1996338955661496747100661259809081,0,6.349059476644168e+20,202700
mypool,15916687,0x1c0b7a60f4b460238764a183942ed250b37999ed82c4111eb180906b87578da9,1667806511,470,0x1c0b7a60f4b460238764a183942ed250b37999ed82c4111eb180906b87578da9,sender,recipient,-15737.883142,10.0,1996643590087501523676096308836928,0,6.350997313558637e+20,202703
mypool,15916687,0x992da1024d56f7678f3b16561a24fbdcf8ee7ea44826f15e0ef2622b54ffde3b,1667806511,40,0x992da1024d56f7678f3b16561a24fbdcf8ee7ea44826f15e0ef2622b54ffde3b,sender,recipient,-175744.300197,111.65255499879129,1996618548737074662246503686729796,0,6.350838009662062e+20,202702
mypool,15916688,0x4ff299d62678ae30963bf9a3b867e35a93f16aef9406eb17cd0da48bc6e20106,1667806523,198,0x4ff299d62678ae30963bf9a3b867e35a93f16aef9406eb17cd0da48bc6e20106,sender,recipient,-1543.326663,0.9806737665208173,1996662214795952635015251915765567,0,6.35111579842555e+20,202703
mypool,15916688,0xcf560f73224e475cfe6663e492b69a252fd6222e6059c07cb209f40956431441,1667806523,79,0xcf560f73224e475cfe6663e492b69a252fd6222e6059c07cb209f40956431441,sender,recipient,-10161.596191,6.4569077271405355,1996659759056408447227866732228838,0,6.351100175676235e+20,202703
mypool,15916689,0x82a37c40195dc97e03dc0b688e1646b0269735e0365e63862946636456184145,1667806535,162,0x82a37c40195dc97e03dc0b688e1646b0269735e0365e63862946636456184145,sender,recipient,-12589.787414,8.0,1996682247876294124158926013451273,0,6.351243244170138e+20,202703
mypool,15916691,0xb138c2af1aea5ed16366f2e4ff61845fdda70720e148813430074506a6ee4823,1667806559,74,0xb138c2af1aea5ed16366f2e4ff61845fdda70720e148813430074506a6ee4823,sender,recipient,-472.112113,0.3,1996682999116806930001813792114486,0,6.351248023410436e+20,202703
mypool,15916691,0xeb1009ef4a32027b4fa39150b1591964213ee008e6d41694278dfc2f2db418dc,1667806559,202,0xeb1009ef4a32027b4fa39150b1591964213ee008e6d41694278dfc2f2db418dc,sender,recipient,500.0,-0.3174034935576155,1996682203897986631222060826945373,0,6.351242964389091e+20,202703
mypool,15916692,0xe67ae268a9a31a2577c5d4e43e06b1d12feeb0680df0ad1e72e892efcc3ed066,1667806571,2,0xe67ae268a9a31a2577c5d4e43e06b1d12feeb0680df0ad1e72e892efcc3ed066,sender,recipient,-79219.877948,50.34281737639062,1996808269111126399851309138998043,0,6.352044990943502e+20,202704
mypool,15916692,0xfdf7bebd41b3e1493a8e5f3a4e0b965eb675c22dbc17e09c62153829e8a4ef7e,1667806571,222,0xfdf7bebd41b3e1493a8e5f3a4e0b965eb675c22dbc17e09c62153829e8a4ef7e,sender,recipient,-535.30122,0.34019598662630535,1996809121007817891968992782436496,0,6.352050410880257e+20,202704
mypool,15916693,0x503799a271e2cc7d89dfd451a07a2bd0ef83364521f1557ae02c9d9882f8b589,1667806583,37,0x503799a271e2cc7d89dfd451a07a2bd0ef83364521f1557ae02c9d9882f8b589,sender,recipient,611.536377,-0.3882565743320089,1996808148274557923924273138454048,0,6.352044222157326e+20,202704
mypool,15916695,0x64e38e1311c0af0c6f7f36a212b14985aad5db0f671fe75f2444a66780d6bf24,1667806607,2,0x64e38e1311c0af0c6f7f36a212b14985aad5db0f671fe75f2444a66780d6bf24,sender,recipient,-331885.409123,210.9763449336827,1997336461533084197855815615673547,0,6.355405900273735e+20,202710
mypool,15916696,0x08d4258ae2221bae9cb33ee0b91b16fd11522d14203666436c68fd2ad8ea776d,1667806619,107,0x08d4258ae2221bae9cb33ee0b91b16fd11522d14203666436c68fd2ad8ea776d,sender,recipient,-9350.631227,5.945722852123006,1997351351782097807924442284756748,0,6.355500660401545e+20,202710
mypool,15916697,0x838787084b9443df546d775a738d5894a5d171f7e9a5addc000978598c1e6a33,1667806631,2,0x838787084b9443df546d775a738d5894a5d171f7e9a5addc000978598c1e6a33,sender,recipient,-114251.852772,72.6557153685,1997533308075891866402274690431770,0,6.356658670001333e+20,202711
mypool,15916698,0xd4b6fc1fb0967a16c4005b7d56a019a389ef45a35c1925d043d37c7717f94999,1667806643,2,0xd4b6fc1fb0967a16c4005b7d56a019a389ef45a35c1925d043d37c7717f94999,sender,recipient,-454430.716147,289.1153587143,1998257357916758223697269885697278,0,6.361267726406358e+20,202719
mypool,15916699,0x4f7c48f02f7a18775fc6af0560b5da1958d8734fe2bbbe4dadfd4007fd7e9823,1667806655,293,0x4f7c48f02f7a18775fc6af0560b5da1958d8734fe2bbbe4dadfd4007fd7e9823,sender,recipient,42.303283,-0.02690847199895593,1998691019939880919104550541738474,0,6.36402907199693e+20,202723
mypool,15916699,0x6f6bc1bd95d5648fe7c560b2635a29bd1b181fb9fe6ef0d501389d96a5b2a8f3,1667806655,228,0x6f6bc1bd95d5648fe7c560b2635a29bd1b181fb9fe6ef0d501389d96a5b2a8f3,sender,recipient,-3.0,0.001910163927834927,1998691087380607668937690768305517,0,6.36402950147277e+20,202723
mypool,15916699,0xcc878e55f2b62fdd2f3be11eae748cad3f0b0b837423af57aecb61b75783f86b,1667806655,7,0xcc878e55f2b62fdd2f3be11eae748cad3f0b0b837423af57aecb61b75783f86b,sender,recipient,-269704.021083,171.68852666956386,1998686323004890930815162052063954,0,6.363999161024794e+20,202723
mypool,15916699,0xd20cd99a65a17d639e8837b272d38e4c9837637bd9892eb66819e0f7328b2bbf,1667806655,32,0xd20cd99a65a17d639e8837b272d38e4c9837637bd9892eb66819e0f7328b2bbf,sender,recipient,-2984.044198,1.9,1998691082595555879755946737432290,0,6.364029471000617e+20,202723
mypool,15916699,0xd54697ce4244ede052ff7e1a3f65a612efc64c81ee74c7d4b0c40b106305b107,1667806655,3,0xd54697ce4244ede052ff7e1a3f65a612efc64c81ee74c7d4b0c40b106305b107,sender,recipient,691.264882,-0.4395119898045768,1998256256668517442514822563454236,0,6.361260714964177e+20,202719
mypool,15916700,0x5e6bc8d54c24842bd7d5e9f78868d9242d3b754f2545e9400b6bb6ec20e88b0c,1667806667,209,0x5e6bc8d54c24842bd7d5e9f78868d9242d3b754f2545e9400b6bb6ec20e88b0c,sender,recipient,-2434.299142,1.55,1998712280327191664784734241682975,0,6.364164463051566e+20,202723
mypool,15916700,0xf27cfcc6ba9af68da783fd6365ed292a85a634ebb155503e7bd1fb6b5dc53753,1667806667,11,0xf27cfcc6ba9af68da783fd6365ed292a85a634ebb155503e7bd1fb6b5dc53753,sender,recipient,-10894.812108,6.937018891749619,1998708397503228153806725682566701,0,6.364139736224672e+20,202723
mypool,15916701,0x0a877be61c5df7ddf67e03792ce0077e2ae037184e03a46f2ed99bc9f210da28,1667806679,41,0x0a877be61c5df7ddf67e03792ce0077e2ae037184e03a46f2ed99bc9f210da28,sender,recipient,-785.25577,0.5,1998713532851050861874414422043063,0,6.364172439457585e+20,202723
mypool,15916702,0x30676946c6a9864260b3875a97715a5a9962b80ebb57f4d5e222e2628e3e0858,1667806691,84,0x30676946c6a9864260b3875a97715a5a9962b80ebb57f4d5e222e2628e3e0858,sender,recipient,-1177.872952,0.75,1998722926779994840047015774743726,0,6.364232262662054e+20,202723
mypool,15916702,0xfb3f3c5547e5e6b25ba4308e5567c4344540de17474c52bae70ccf10e0027406,1667806691,72,0xfb3f3c5547e5e6b25ba4308e5567c4344540de17474c52bae70ccf10e0027406,sender,recipient,-4711.513954,3.0,1998721047994206044412495504203594,0,6.364220297998668e+20,202723
mypool,15916703,0xb1a4cd6b5738f630ae239858d9db60e0154379e2b95439d693db3d47f2ec53a1,1667806703,6,0xb1a4cd6b5738f630ae239858d9db60e0154379e2b95439d693db3d47f2ec53a1,sender,recipient,3000.0,-1.9083104774985704,1998718143979787090671386867933536,0,6.364201804398369e+20,202723
mypool,15916703,0xe4ced5578465d76c1e6c47d79cdfb78d574c2b003cf2d7607b7b769b35f38be2,1667806703,88,0xe4ced5578465d76c1e6c47d79cdfb78d574c2b003cf2d7607b7b769b35f38be2,sender,recipient,-3140.998746,2.0,1998723154075223879030107589373890,0,6.364233710146038e+20,202723
mypool,15916704,0x0e07278fca3055bedb3923e712066d736fbe54b1064264e56e9edffa3131b908,1667806715,150,0x0e07278fca3055bedb3923e712066d736fbe54b1064264e56e9edffa3131b908,sender,recipient,1882.903165,-1.1975109532200856,1998543534385425851573133131958777,0,6.363089889585391e+20,202722
mypool,15916704,0x54d96041e18e56ed65fe5c5a1ce73f0461a7d5db4db37aa486d9d38e8f5b0c99,1667806715,127,0x54d96041e18e56ed65fe5c5a1ce73f0461a7d5db4db37aa486d9d38e8f5b0c99,sender,recipient,-628.309526,0.4,1998546535703188905101273126709765,0,6.363109001172129e+20,202722
mypool,15916704,0xd0583d077c954ba548d961c9f1aa4cc0c409455255ed2064779b2af32429139a,1667806715,2,0xd0583d077c954ba548d961c9f1aa4cc0c409455255ed2064779b2af32429139a,sender,recipient,111421.574552,-70.8695399139845,1998545533685763976988023148916101,0,6.363102620590658e+20,202722
mypool,15916705,0x66933eda1d36baf48af4797cd2ef045df97b6ebf41487b763fe539345643afbb,1667806727,85,0x66933eda1d36baf48af4797cd2ef045df97b6ebf41487b763fe539345643afbb,sender,recipient,575.910926,-0.36627390182132935,1998542616394350510450045839331338,0,6.363084044070106e+20,202722
mypool,15916706,0x0b9bd37f7ea6de736288cfa5c08de9f8818ebbe1022f9029f5877b86d60fc0b4,1667806739,46,0x0b9bd37f7ea6de736288cfa5c08de9f8818ebbe1022f9029f5877b86d60fc0b4,sender,recipient,-62.831164,0.04,1998542716596093003261370837110704,0,6.363084682127177e+20,202722
mypool,15916707,0x277a5218bf8681b179949f830d57a58c35cbdb04b7cfc12aea3e910cfe1b4700,1667806751,109,0x277a5218bf8681b179949f830d57a58c35cbdb04b7cfc12aea3e910cfe1b4700,sender,recipient,500.0,-0.3179950301774414,1998541919606194858345164451073960,0,6.363079607116112e+20,202722
mypool,15916707,0xded54d074b86e616d5ad0128e811655a60f4ae3478406bed64a61b7fe7de6e70,1667806751,192,0xded54d074b86e616d5ad0128e811655a60f4ae3478406bed64a61b7fe7de6e70,sender,recipient,7861.810519,-5.0,1998529388122641480240487390122675,0,6.36299981036362e+20,202721
mypool,15916708,0x604edc03b5d3b28b2aed293df09386d00a5258dfb9a736674c41d4761ca0e3b1,1667806763,97,0x604edc03b5d3b28b2aed293df09386d00a5258dfb9a736674c41d4761ca0e3b1,sender,recipient,-11182.021085,7.118628700306747,1998531223477751365605661993724518,0,6.363011497326691e+20,202721
mypool,15916708,0xd86c89bda17af736a5e9252caf82242cb2ec9e640d08650b88409c8fb0f68638,1667806763,212,0xd86c89bda17af736a5e9252caf82242cb2ec9e640d08650b88409c8fb0f68638,sender,recipient,-4274.763256,2.7214067566186824,1998538040720227488157475084766062,0,6.363054907472833e+20,202722
mypool,15916708,0xdc10f068a4b2011544dce9b18a2b039d7137c1800c8704c28e0c42b5280572b9,1667806763,82,0xdc10f068a4b2011544dce9b18a2b039d7137c1800c8704c28e0c42b5280572b9,sender,recipient,10036.171708,-6.3827717684926935,1998513391002753113786035330489949,0,6.362897946198863e+20,202721
mypool,15916709,0x64c7461fe1ca3399ee767fe90ceef0be97a0fe54760401ca5edeb2960c1e3f65,1667806775,184,0x64c7461fe1ca3399ee767fe90ceef0be97a0fe54760401ca5edeb2960c1e3f65,sender,recipient,97.669859,-0.062116761511453615,1998537446936452923901329973161485,0,6.363051126430769e+20,202722
mypool,15916709,0xc0d3e7d4c46f9883f3e12b60bf221fcf433bffc8290cc57622bfa90d70697e91,1667806775,56,0xc0d3e7d4c46f9883f3e12b60bf221fcf433bffc8290cc57622bfa90d70697e91,sender,recipient,274.848347,-0.17480002971881944,1998537602619487977879545484093190,0,6.363052117774866e+20,202722
mypool,15916710,0x93cb1b0f50630f943e32a052935a29dec1d844a29bf90f6c7d8486877a8a938f,1667806787,4,0x93cb1b0f50630f943e32a052935a29dec1d844a29bf90f6c7d8486877a8a938f,sender,recipient,-7242.28874,4.610637303792914,1998548996783748984087850033498084,0,6.363124672694634e+20,202722
mypool,15916710,0x9f8d78b34581ed6ed94f61a0f0a424f68565460858e4943eeaa1beb802db8469,1667806787,84,0x9f8d78b34581ed6ed94f61a0f0a424f68565460858e4943eeaa1beb802db8469,sender,recipient,-3893.103333,2.4784771215054127,1998555205476906569327619619308117,0,6.363164208127637e+20,202722
mypool,15916710,0xc0f77bfed9eab29ea7c934f8e3ad5042c4f513a1985be7e253faf0c8816be68c,1667806787,195,0xc0f77bfed9eab29ea7c934f8e3ad5042c4f513a1985be7e253faf0c8816be68c,sender,recipient,-397.70865,0.25319524690851486,1998555935601229224255196102108630,0,6.363168857388055e+20,202722
mypool,15916710,0xec33c51088c72c54dd9f5b72b93bb372adaa8ddde52529eb3eef4ac42d11c84b,1667806787,164,0xec33c51088c72c54dd9f5b72b93bb372adaa8ddde52529eb3eef4ac42d11c84b,sender,recipient,-60.10743,0.03826648,1998555301336105945985487414333721,0,6.363164818536436e+20,202722
mypool,15916711,0x4f91f98e45cce884ab2c74ed9103b0ca05918e6d7b269868e4ea1566764cfca2,1667806799,161,0x4f91f98e45cce884ab2c74ed9103b0ca05918e6d7b269868e4ea1566764cfca2,sender,recipient,-399.598193,0.2543983585537801,1998556572880199584249217880425911,0,6.363172915432439e+20,202722
mypool,15916712,0x22dc51192f8cf9b99e9815f8d6072211d2586976b280dac33541a5d9770cae5b,1667806811,77,0x22dc51192f8cf9b99e9815f8d6072211d2586976b280dac33541a5d9770cae5b,sender,recipient,154.033322,-0.09796582855603612,1998564305912511705745800334719565,0,6.363222157688203e+20,202722
mypool,15916712,0xd9642a529e7dd81606b69f79dd52df101cf1cd400a9c1d3a5378c91e681540d0,1667806811,69,0xd9642a529e7dd81606b69f79dd52df101cf1cd400a9c1d3a5378c91e681540d0,sender,recipient,-5002.841874,3.185,1998564551443945574350970828607966,0,6.363223721181708e+20,202722
mypool,15916713,0x6eb11721d992d49b7fd4f619d2b237952c2128fc21e10e181761b19fd135dcf3,1667806823,98,0x6eb11721d992d49b7fd4f619d2b237952c2128fc21e10e181761b19fd135dcf3,sender,recipient,-425.117755,0.2706464238746687,1998561795868938561120916954708827,0,6.363206174259695e+20,202722
mypool,15916713,0xa1f7b7004779c23ff5da5ad4f9036928c080d98cae9909464d6071ad2be37e42,1667806823,56,0xa1f7b7004779c23ff5da5ad4f9036928c080d98cae9909464d6071ad2be37e42,sender,recipient,2000.0,-1.272006080268715,1998561117887856768875486803000136,0,6.363201857022486e+20,202722
mypool,15916714,0x35a9aafed5e51470a8715de79b479b7cbc2749c20a02906abc6a2055f4d9f95f,1667806835,177,0x35a9aafed5e51470a8715de79b479b7cbc2749c20a02906abc6a2055f4d9f95f,sender,recipient,-199.19267,0.12681687782060447,1998586130882967776154813610563937,0,6.363361135346793e+20,202722
mypool,15916714,0x7b0a5a92de3e4ef2f1fceba4f64ecde1432487be0790a3dcafa9a5f2914f5146,1667806835,145,0x7b0a5a92de3e4ef2f1fceba4f64ecde1432487be0790a3dcafa9a5f2914f5146,sender,recipient,-10995.075499,7.0,1998585813201164398091728676323398,0,6.363359112392817e+20,202722
mypool,15916714,0x9ceddc2d414dddcde6ad9694e5e7a6aa3bf9cc931654527128097010169a32ac,1667806835,11,0x9ceddc2d414dddcde6ad9694e5e7a6aa3bf9cc931654527128097010169a32ac,sender,recipient,-146079.187087,93.0,1998568277896228156109854064934266,0,6.363247450484473e+20,202722
mypool,15916714,0xff388d0b293a7f7c6d5b5e517a53419b2a4b2c0fd1b961a4314eb9b48e1709e0,1667806835,201,0xff388d0b293a7f7c6d5b5e517a53419b2a4b2c0fd1b961a4314eb9b48e1709e0,sender,recipient,-301503.913586,192.0,1999067099246933270514802951522993,0,6.366424244429377e+20,202727
mypool,15916715,0x8d76b08805a781233a68cc43a48b858befc9c5072a240fff9f9fbfe4e179c66c,1667806847,2,0x8d76b08805a781233a68cc43a48b858befc9c5072a240fff9f9fbfe4e179c66c,sender,recipient,297774.848299,-189.43631100630515,1998592315643775643978072662200799,0,6.36340051911599e+20,202722
mypool,15916715,0xcae3e2079e239bc36143ea6e93fe01fa7791c1ca5479e42fd1ef337daa79ad29,1667806847,298,0xcae3e2079e239bc36143ea6e93fe01fa7791c1ca5479e42fd1ef337daa79ad29,sender,recipient,-785.349092,0.5,1998594777207906408383113300869984,0,6.363416194076803e+20,202722
mypool,15916715,0xf8bb195f239a5d239a7e02f75d233333cab2c34168b07acb0712c5f4f19a6a41,1667806847,19,0xf8bb195f239a5d239a7e02f75d233333cab2c34168b07acb0712c5f4f19a6a41,sender,recipient,-758.087799,0.48264324333122355,1998593524686125248241550828627904,0,6.363408218157943e+20,202722
mypool,15916719,0x15d7868c58c1e46a599ec0b010a55aa5c0fde346e655e3e84ba0a45bccb90ca5,1667806895,365,0x15d7868c58c1e46a599ec0b010a55aa5c0fde346e655e3e84ba0a45bccb90ca5,sender,recipient,19797.925583,-12.591746328645547,1998563259267260207602262546390015,0,6.363215492869371e+20,202722
mypool,15916722,0x38bf968ec8d260d601f2f89b5012ba563bad8e89433f40832500a75f5b16a277,1667806931,62,0x38bf968ec8d260d601f2f89b5012ba563bad8e89433f40832500a75f5b16a277,sender,recipient,7379.827334,-4.70155745608395,2000251700052592313336901009448834,0,6.373971670728093e+20,202739
mypool,15916722,0xb21e42764950d3d24942c782a826c30ed0e8b6dfc585f92b92d18fbb05c6071f,1667806931,77,0xb21e42764950d3d24942c782a826c30ed0e8b6dfc585f92b92d18fbb05c6071f,sender,recipient,-10884.7093,6.941415337921437,2000269505404882691188113551906914,0,6.374085147763215e+20,202739
mypool,15916722,0xc0592a0b57135746d88504c00251f8b3f4fca9e04441087074ee3a52fcf44ff4,1667806931,39,0xc0592a0b57135746d88504c00251f8b3f4fca9e04441087074ee3a52fcf44ff4,sender,recipient,-1049625.551935,668.8,2000263766001699777036866741646402,0,6.37404856930016e+20,202739
mypool,15916722,0xc8561143ff2f2320244fb10f31285d791a1b9ccacf7ea012534a31a2734b394f,1667806931,13,0xc8561143ff2f2320244fb10f31285d791a1b9ccacf7ea012534a31a2734b394f,sender,recipient,-2747.36981,1.7490889861964016,1998567635159020756013705460729389,0,6.363243357659339e+20,202722
mypool,15916723,0x689123069fca03a6cdcabe2a1cd6051a23516b65f781e28e1d1fe04f398a11b9,1667806943,21,0x689123069fca03a6cdcabe2a1cd6051a23516b65f781e28e1d1fe04f398a11b9,sender,recipient,274259.376515,-174.64394778876363,1999565082755684792955450453214449,0,6.369596493292216e+20,202732
mypool,15916723,0xeb0d91770b205692e339726d0840f1c280dda8461720f069d9e8c35b1ec46746,1667806943,18,0xeb0d91770b205692e339726d0840f1c280dda8461720f069d9e8c35b1ec46746,sender,recipient,156729.320488,-99.83786288969661,2000013284230542647545323042026169,0,6.372452296811836e+20,202736
mypool,15916724,0x5517ea5bd938d05dfa72e22f7a88de994ece3801921119212e4d35ebc33408af,1667806955,229,0x5517ea5bd938d05dfa72e22f7a88de994ece3801921119212e4d35ebc33408af,sender,recipient,-69.726571,0.04443523055111077,1999565155889569075702885165545398,0,6.369596959226879e+20,202732
mypool,15916724,0xd8845002a361f822c5401f1f9a43b60d0b9981e2c4681ea83bdacaad811cabbf,1667806955,186,0xd8845002a361f822c5401f1f9a43b60d0b9981e2c4681ea83bdacaad811cabbf,sender,recipient,25.0,-0.01591602891248647,1999565041909221329561060699672791,0,6.369596233060138e+20,202732
mypool,15916725,0xb63f3c828656d1e236bfc0b0f23f1724af93ce5ada64d72a936e76e3123a19c2,1667806967,77,0xb63f3c828656d1e236bfc0b0f23f1724af93ce5ada64d72a936e76e3123a19c2,sender,recipient,-3032.023944,1.932247960729743,1999570112278717151004080176885302,0,6.369628536332811e+20,202732
mypool,15916726,0x0baa285d3eec90dea38533a54d804cdce39bfd005893595fd7857055630b364c,1667806979,53,0x0baa285d3eec90dea38533a54d804cdce39bfd005893595fd7857055630b364c,sender,recipient,-942708.188605,605.024,2007309762690568073511773981746379,0,6.419033262879964e+20,202809
mypool,15916726,0x34ce932d90302b59262a8742a069533b6832d6d0d117454dcf1afccf8f90cb76,1667806979,82,0x34ce932d90302b59262a8742a069533b6832d6d0d117454dcf1afccf8f90cb76,sender,recipient,4004266.688925,-2561.4786756846133,2001130121190887572096009948261542,0,6.379571226896437e+20,202747
mypool,15916726,0x375c33283abfb4a78e43b041d417f5b162dd428509a037a5be7ec96905b9fbd8,1667806979,19,0x375c33283abfb4a78e43b041d417f5b162dd428509a037a5be7ec96905b9fbd8,sender,recipient,-4004266.688925,2560.25,2005963413351063409378751148205042,0,6.410425360829636e+20,202796
mypool,15916726,0x5fe89a3535a86a9fd44dabe939e8eb37a37c8709ae9f8788b1b750c7e6125068,1667806979,230,0x5fe89a3535a86a9fd44dabe939e8eb37a37c8709ae9f8788b1b750c7e6125068,sender,recipient,1993.576407,-1.2711775777384124,2001126269972667236598252738167953,0,6.37954667167432e+20,202747
mypool,15916726,0x9fd6f2fcac9ca57fb238bd6ccfa4280c8b5af79b5eef500e2bd5f8623b1f59f6,1667806979,155,0x9fd6f2fcac9ca57fb238bd6ccfa4280c8b5af79b5eef500e2bd5f8623b1f59f6,sender,recipient,316.95915,-0.20210519,2001129592880092661225841687668604,0,6.379567858403938e+20,202747
mypool,15916727,0x7df06be33b9b94302f03739096ce7db1feb946c2e924423eeec961ceb399af62,1667806991,2,0x7df06be33b9b94302f03739096ce7db1feb946c2e924423eeec961ceb399af62,sender,recipient,240685.0,-153.43858548192526,2000725175566996825900761152681488,0,6.376989567624086e+20,202743
mypool,15916729,0xbac6aaf0a3f636e3330c58e82d34249c423c81d34fabd5999e16b52c42ac3bcb,1667807015,131,0xbac6aaf0a3f636e3330c58e82d34249c423c81d34fabd5999e16b52c42ac3bcb,sender,recipient,-15673.335155,10.0,2000751302884138627886804977812414,0,6.377156121950261e+20,202744
mypool,15916731,0x61b53b9e01e74bd388baebf4b6b262b57baba25e6b3f29c768c11483f1617da2,1667807039,259,0x61b53b9e01e74bd388baebf4b6b262b57baba25e6b3f29c768c11483f1617da2,sender,recipient,-263316.567102,168.045,2001208480505520674284157725052805,0,6.380070853193699e+20,202748
mypool,15916731,0x97c418a6ec70fb3f0d5dbb686e6cf163c48c17279f184a4764386b57913c2b1a,1667807039,295,0x97c418a6ec70fb3f0d5dbb686e6cf163c48c17279f184a4764386b57913c2b1a,sender,recipient,1613.329934,-1.0287998883106477,2001205791183222425149654216789183,0,6.380053705499745e+20,202748
mypool,15916731,0xa88a2ababbb4c8fdb1dc66026830be944478fa7fbce99a949cb94be02b0ac971,1667807039,368,0xa88a2ababbb4c8fdb1dc66026830be944478fa7fbce99a949cb94be02b0ac971,sender,recipient,469.935939,-0.29967162474686554,2001205007830121650953520612219509,0,6.380048710677226e+20,202748
mypool,15916731,0xc0d008692f7fed11c9377f0c01a8bf67bbb9f8042e61144392fe1ee53e7f9bbe,1667807039,11,0xc0d008692f7fed11c9377f0c01a8bf67bbb9f8042e61144392fe1ee53e7f9bbe,sender,recipient,-10870.35972,6.935728754655608,2000769424079524952099361462451178,0,6.377271640770878e+20,202744
mypool,15916732,0x26e10db7a1ca38340e13d6049df34b281baa5dabf384aaee873e45684a938431,1667807051,82,0x26e10db7a1ca38340e13d6049df34b281baa5dabf384aaee873e45684a938431,sender,recipient,-74768.827961,47.72971390110661,2001329712746062132395073684276737,0,6.380843879812473e+20,202749
mypool,15916732,0xe3d691907dbf2e1cedc799e98ed51b72ea423f43cb528a30dfd601e702896ce8,1667807051,159,0xe3d691907dbf2e1cedc799e98ed51b72ea423f43cb528a30dfd601e702896ce8,sender,recipient,-583.209167,0.3723230068150178,2001330685526023977035606573080847,0,6.380850082846921e+20,202749
mypool,15916733,0x48ecc7cca2e0938220d6e498b51587de9c41a7f85cc3387c66ab6c5f6edf3e75,1667807063,11,0x48ecc7cca2e0938220d6e498b51587de9c41a7f85cc3387c66ab6c5f6edf3e75,sender,recipient,-188750.098734,120.5,2001345612062107066712270504011958,0,6.380945263863102e+20,202750
mypool,15916733,0x582189a845ce7b275d3c2eab2952bfe03c79d1057fc66523c1996b2bc53d67ca,1667807063,47,0x582189a845ce7b275d3c2eab2952bfe03c79d1057fc66523c1996b2bc53d67ca,sender,recipient,2955.690324,-1.8850621644276024,2001340677814454400458052148386032,0,6.380913799906865e+20,202750
mypool,15916734,0x8eb21ef3e1512794a37aa5928ba8ff09ed3efa66d60d7c815c6667f8dd69818f,1667807075,96,0x8eb21ef3e1512794a37aa5928ba8ff09ed3efa66d60d7c815c6667f8dd69818f,sender,recipient,2996.763781,-1.9130838123366154,2002296482078468471968814498369366,0,6.387010074318697e+20,202759
mypool,15916734,0xe311d95e7752536793804209fc4af75d17bde0672ad1d86d6dc01376085651f2,1667807075,2,0xe311d95e7752536793804209fc4af75d17bde0672ad1d86d6dc01376085651f2,sender,recipient,-574978.708492,367.2487194858832,2002301489674232955465021138420435,0,6.38704202124052e+20,202759
mypool,15916735,0x39c03d8b9a54f698e63f4c0bb6e42e68b4e83fd932b3f43e04aa3810d5d28635,1667807087,96,0x39c03d8b9a54f698e63f4c0bb6e42e68b4e83fd932b3f43e04aa3810d5d28635,sender,recipient,-23516.968827,15.027646161825656,2002304186396841479514729757846000,0,6.387059225534987e+20,202759
mypool,15916735,0x5af0a4f68a9fa351ef89e849a31202a8f08e3e8c1f12c39d8f3a20b725c3ca98,1667807087,106,0x5af0a4f68a9fa351ef89e849a31202a8f08e3e8c1f12c39d8f3a20b725c3ca98,sender,recipient,2647.473993,-1.6901081062945882,2002299762451512987636614836948499,0,6.387031002081426e+20,202759
mypool,15916735,0x84e2d67bce96d0ef8471eb5616c5d4d5681ee532aec5cb0411dedee8d7ba26d3,1667807087,35,0x84e2d67bce96d0ef8471eb5616c5d4d5681ee532aec5cb0411dedee8d7ba26d3,sender,recipient,18918.139159,-12.076802354119168,2002264870424066813956458774481589,0,6.38680840352405e+20,202759
mypool,15916735,0xb136016ccd5be4e4004cae5621d0903c7b023c4e528bb73fce65401e61ed7b37,1667807087,239,0xb136016ccd5be4e4004cae5621d0903c7b023c4e528bb73fce65401e61ed7b37,sender,recipient,18740.886459,-11.96369023767164,2002268446873922801142813218236377,0,6.386831219806483e+20,202759
mypool,15916736,0x7be5678852e361bba2956e106fdff542164389f617b4c3348ca5f4ace83ec0ef,1667807099,252,0x7be5678852e361bba2956e106fdff542164389f617b4c3348ca5f4ace83ec0ef,sender,recipient,-10702.88239,6.848703943369343,2003672556303188132003935074318275,0,6.395792010586617e+20,202773
mypool,15916736,0x810cadb3dee640e41bd186b9e465ea7dd9f91084b87488afe25f9182eda5910c,1667807099,147,0x810cadb3dee640e41bd186b9e465ea7dd9f91084b87488afe25f9182eda5910c,sender,recipient,6087.084934,-3.8911833349713065,2003656380062603536872555326997373,0,6.395688740766072e+20,202773
mypool,15916736,0xa2484c95d2396faa893b71cd5d0ea5fb4d84144e868c062b7a2222b01deae5a5,1667807099,79,0xa2484c95d2396faa893b71cd5d0ea5fb4d84144e868c062b7a2222b01deae5a5,sender,recipient,-835207.063608,534.072,2003666592407514352288789759198368,0,6.39575393672129e+20,202773
mypool,15916736,0xc1d4671c22a0233dd15349a78e8bf8c387364f081c8a1ae2e38287f3d7b40b2a,1667807099,169,0xc1d4671c22a0233dd15349a78e8bf8c387364f081c8a1ae2e38287f3d7b40b2a,sender,recipient,1066.390477,-0.6816885322471522,2003654590982569581913460460268501,0,6.395677319252847e+20,202773
mypool,15916737,0x1c9798f3e71f984a2df668606c5a196449c727602a15a5a0112b2e384860e8e6,1667807111,2,0x1c9798f3e71f984a2df668606c5a196449c727602a15a5a0112b2e384860e8e6,sender,recipient,426231.0,-272.37504118488295,2002958709701343028559962907668162,0,6.391235576368004e+20,202766
mypool,15916737,0xa5c4ec6c447410d94c177f4f1e04ce54bc7e3e3c74ffe45f1adc0283f290309a,1667807111,166,0xa5c4ec6c447410d94c177f4f1e04ce54bc7e3e3c74ffe45f1adc0283f290309a,sender,recipient,-194186.641988,124.1914861883829,2003283629150732361632558812033285,0,6.393309313754674e+20,202769
mypool,15916738,0xbf0fa44411a84db1b20b267db6047ee125bb9418c279d0cb92455d5a637ed125,1667807123,2,0xbf0fa44411a84db1b20b267db6047ee125bb9418c279d0cb92455d5a637ed125,sender,recipient,566925.921418,-362.10064600363097,2002335799292703061291668062173864,0,6.387260908209838e+20,202759
mypool,15916738,0xd523794e1ea621179d753b708587e9a5bacc386e9dbe947ee9eec0f46273d37d,1667807123,129,0xd523794e1ea621179d753b708587e9a5bacc386e9dbe947ee9eec0f46273d37d,sender,recipient,17.0,-0.010852914218209431,2002335770884639117125238920423404,0,6.387260726971791e+20,202759
mypool,15916738,0xf1f1dd3776c35550f1e8bcdec3c5d9c5e5ac5e1af42b9421e365de7028b3823b,1667807123,274,0xf1f1dd3776c35550f1e8bcdec3c5d9c5e5ac5e1af42b9421e365de7028b3823b,sender,recipient,726.40562,-0.46374194048927103,2002334557016139455791996061425016,0,6.38725298272394e+20,202759
mypool,15916739,0x625de41759272060477e9060be549f26aabb65f7a7437771d3757ce513b0049b,1667807135,2,0x625de41759272060477e9060be549f26aabb65f7a7437771d3757ce513b0049b,sender,recipient,597251.330205,-381.09883945223515,2001337011105194912545524091704150,0,6.380890418645952e+20,202750
mypool,15916741,0x034b87c2df3e286a770676e55e9236cc63b4ba1f6ec6d45c96e74d008f4e0785,1667807159,22,0x034b87c2df3e286a770676e55e9236cc63b4ba1f6ec6d45c96e74d008f4e0785,sender,recipient,107530.0,-68.57450491401002,2001175842023845188985366459214909,0,6.379862744813628e+20,202748
mypool,15916741,0x5c24e49f1c29af3825d585cdab574c9a1be47e4d222007677ecef66f78d0840c,1667807159,14,0x5c24e49f1c29af3825d585cdab574c9a1be47e4d222007677ecef66f78d0840c,sender,recipient,-10845.350539,6.9238238828591605,2001355125510361476518267808942755,0,6.381005927984778e+20,202750
mypool,15916741,0xc25ba965753e0530d687f40bff84af1b7a3031cd931fcc712f66b4182b728c09,1667807159,183,0xc25ba965753e0530d687f40bff84af1b7a3031cd931fcc712f66b4182b728c09,sender,recipient,-704.991241,0.45,2001177017752915962141266118938023,0,6.379870241398528e+20,202748
mypool,15916742,0xa646fe4d4ce96db7c02e8f163fee4b342065a1499e647e150890baa34fb829ea,1667807171,6,0xa646fe4d4ce96db7c02e8f163fee4b342065a1499e647e150890baa34fb829ea,sender,recipient,-2010.873554,1.2835551622406631,2001180371337623045035198580993171,0,6.379891624267722e+20,202748
mypool,15916742,0xb07660312d888d5823218d4ae4e1f7c33ad16dce36bb1bd174c8d3767a5ae486,1667807171,127,0xb07660312d888d5823218d4ae4e1f7c33ad16dce36bb1bd174c8d3767a5ae486,sender,recipient,-8386.215398,5.353028445279839,2001194357362422580894694256989901,0,6.379980801271016e+20,202748
mypool,15916743,0x3258cb4c21ce5402f82532540c78be525a74fcf72f0b0657ffb862e29f67169b,1667807183,236,0x3258cb4c21ce5402f82532540c78be525a74fcf72f0b0657ffb862e29f67169b,sender,recipient,-1453.096836,0.93,2003851080116795540166013465488329,0,6.396931769718866e+20,202775
mypool,15916743,0x5a8aef7bd52a513be6ff1aedcbe467e83728ad3480f455725ebba07b5c373e8c,1667807183,230,0x5a8aef7bd52a513be6ff1aedcbe467e83728ad3480f455725ebba07b5c373e8c,sender,recipient,49.0,-0.03132921819189265,2003848640567894988347748469869459,0,6.396916194091992e+20,202775
mypool,15916743,0xa4d03db8b219acfe8607930117578dccc92c97e57413ddc4b7ea2b5f699d9c1e,1667807183,27,0xa4d03db8b219acfe8607930117578dccc92c97e57413ddc4b7ea2b5f699d9c1e,sender,recipient,-1618951.611902,1034.8128,2003912749824728438456326090174559,0,6.397325514531799e+20,202775
mypool,15916743,0xaac4b0ac6221dce61bc0237c47b2bba537b1ee2e6e8ae1bff5b69c6a2d779507,1667807183,53,0xaac4b0ac6221dce61bc0237c47b2bba537b1ee2e6e8ae1bff5b69c6a2d779507,sender,recipient,13091.130943,-8.370543422941102,2003890781474957362357974659795138,0,6.397185251025644e+20,202775
mypool,15916743,0xaccfbaed44f8dcf25ed5d1de77dc297d0d0561ca471e4aeef2e89b0b91a616b6,1667807183,13,0xaccfbaed44f8dcf25ed5d1de77dc297d0d0561ca471e4aeef2e89b0b91a616b6,sender,recipient,-5824.057554,3.717614380137651,2001204070489757363478023674825382,0,6.380042734002415e+20,202748
mypool,15916743,0xf46861b5d0fb3b70c3b7e653f81db51b1998758a42123cbbd118ac8d74db81ea,1667807183,126,0xf46861b5d0fb3b70c3b7e653f81db51b1998758a42123cbbd118ac8d74db81ea,sender,recipient,25063.936922,-16.025511469594022,2003848722790898743106568849650304,0,6.396916719055469e+20,202775
mypool,15916744,0x00ee64fb7dfa60116343cb1d9a16e72196cc32affc0076ec1404f5208efa5d31,1667807195,145,0x00ee64fb7dfa60116343cb1d9a16e72196cc32affc0076ec1404f5208efa5d31,sender,recipient,-62.459067,0.04,2004486987298185506182548724267141,0,6.400992451017272e+20,202781
mypool,15916744,0x88d46e9ed410d38ca4fb38c50e6a356f94c41a4e39fd2af81f869f639062803d,1667807195,5,0x88d46e9ed410d38ca4fb38c50e6a356f94c41a4e39fd2af81f869f639062803d,sender,recipient,-392744.048296,251.44323773387345,2004484061330742310538693374826362,0,6.400973763859945e+20,202781
mypool,15916744,0xb0dd39e10279e8492b08b76895866dd4cde1ee63b1338fbd2417e9671c4207da,1667807195,118,0xb0dd39e10279e8492b08b76895866dd4cde1ee63b1338fbd2417e9671c4207da,sender,recipient,-1998.693068,1.28,2004486898632505409344856137920451,0,6.400991884739377e+20,202781
mypool,15916745,0x0482e405323b81f325434fef48c3cdf2729bdb64466b09c1decb6dc242d41705,1667807207,100,0x0482e405323b81f325434fef48c3cdf2729bdb64466b09c1decb6dc242d41705,sender,recipient,2460.284316,-1.5752136685704274,2005233230497736852212910807040893,0,6.405759342762495e+20,202788
mypool,15916745,0x0aab3116ce941d349c6208adca9fca3033a4bf497f9e1b67f61497a88a4d46d9,1667807207,118,0x0aab3116ce941d349c6208adca9fca3033a4bf497f9e1b67f61497a88a4d46d9,sender,recipient,3164.681308,-2.026193858741212,2005225433119191590146405553059127,0,6.405709525082842e+20,202788
mypool,15916745,0x1e6a98f2f9bf42643b8eb880151a42d0c14003fa7c65f044ea9536f4350a7fe7,1667807207,192,0x1e6a98f2f9bf42643b8eb880151a42d0c14003fa7c65f044ea9536f4350a7fe7,sender,recipient,-82293.327373,52.74405445653029,2005340327913323996395645434177391,0,6.406443610886917e+20,202789
mypool,15916745,0x3064d9627f0411eea94264a5fabcb94a67dfe3b4cfb4026664455f4dc4cec2aa,1667807207,18,0x3064d9627f0411eea94264a5fabcb94a67dfe3b4cfb4026664455f4dc4cec2aa,sender,recipient,6275.0,-4.014596619828041,2004478083923007629268040162586323,0,6.400935588277733e+20,202781
mypool,15916745,0x38cb13eb71706a23ec6c3f152b32288b90cab00dceea111c402b978ec4c9a6cf,1667807207,297,0x38cb13eb71706a23ec6c3f152b32288b90cab00dceea111c402b978ec4c9a6cf,sender,recipient,1000.0,-0.640320658123557,2005334323002306654405271916442068,0,6.406405243268526e+20,202789
mypool,15916745,0x3ae49b95dcc464d3a116e112abb8a082816d50cb68ab96a09cfc5ba17acd4df5,1667807207,92,0x3ae49b95dcc464d3a116e112abb8a082816d50cb68ab96a09cfc5ba17acd4df5,sender,recipient,2367.865911,-1.5160473433420154,2005236723929233141148021308058165,0,6.405781662461369e+20,202788
mypool,15916745,0x4681783f02e520b531d204e97f1862955734c62ee1697e31b04fc37070814fd3,1667807207,363,0x4681783f02e520b531d204e97f1862955734c62ee1697e31b04fc37070814fd3,sender,recipient,12893.796324,-8.25608280627974,2005315988113919029270868350455810,0,6.406288095532332e+20,202789
mypool,15916745,0x548d77bdf4dd3b96da45f10c56eedfbde501b321805fdf570470367491277b97,1667807207,199,0x548d77bdf4dd3b96da45f10c56eedfbde501b321805fdf570470367491277b97,sender,recipient,3227.224554,-2.0664647378122054,2005335745009337646906333063900194,0,6.406414328991964e+20,202789
mypool,15916745,0x579ebe5f99e2357b103df53948d992bd4cb0393c7bd58f4122406f9d56867a70,1667807207,58,0x579ebe5f99e2357b103df53948d992bd4cb0393c7bd58f4122406f9d56867a70,sender,recipient,3844.656606,-2.461586632264909,2005240086144559715029622987175503,0,6.405803143850657e+20,202788
mypool,15916745,0x88bc3c88ccfafbda78f26e4dff5901d803ca20df42d2a2faa95090c34d4cbced,1667807207,24,0x88bc3c88ccfafbda78f26e4dff5901d803ca20df42d2a2faa95090c34d4cbced,sender,recipient,-223949.35212,143.44299805936762,2004796045697459209280141348168379,0,6.402966455340681e+20,202784
mypool,15916745,0xa28d98efda57a4867c0a7865dfa68bf7237bf252759d64f6605e41229bc05e0b,1667807207,40,0xa28d98efda57a4867c0a7865dfa68bf7237bf252759d64f6605e41229bc05e0b,sender,recipient,62161.183434,-39.80128946020228,2005245545330474348657648497772690,0,6.405838022983723e+20,202789
mypool,15916745,0xd4f5fa0f6f3d14a0b76d9341319d004b3f32e74639f7ce8038ea706bddda7ae7,1667807207,107,0xd4f5fa0f6f3d14a0b76d9341319d004b3f32e74639f7ce8038ea706bddda7ae7,sender,recipient,2326.731984,-1.489700835791174,2005229926712400527751166817036243,0,6.405738234757672e+20,202788
mypool,15916745,0xdfbee4a35723aed97943186ec2e76308e341686829881c76a80c76bece183f53,1667807207,134,0xdfbee4a35723aed97943186ec2e76308e341686829881c76a80c76bece183f53,sender,recipient,1422.544509,-0.910784152576,2005223413226837673862577147081937,0,6.405696619963088e+20,202788
mypool,15916745,0xea03d5a1221089ae9d3dd9f3ff9f8f91f6ace24afaff5f88f3c8ea0f08648a9d,1667807207,27,0xea03d5a1221089ae9d3dd9f3ff9f8f91f6ace24afaff5f88f3c8ea0f08648a9d,sender,recipient,-378604.07052,242.60524571316637,2005333814675114667132766285203809,0,6.40640199538159e+20,202789
mypool,15916746,0x76bdeb240dee0c4d36d7613b0faff7f130f694706480399ac19222009b935d67,1667807219,2,0x76bdeb240dee0c4d36d7613b0faff7f130f694706480399ac19222009b935d67,sender,recipient,610026.699913,-390.436385938595,2004448917406584687562927097948382,0,6.400749313719582e+20,202781
mypool,15916746,0x96b8d19a6a64ca4b2f1723bd41dbc1fc8216dc2207d23e98f87b574da32101d0,1667807219,155,0x96b8d19a6a64ca4b2f1723bd41dbc1fc8216dc2207d23e98f87b574da32101d0,sender,recipient,3283.035148,-2.1003360550588166,2004445751378202563798640400441296,0,6.400729093760057e+20,202781
mypool,15916746,0xca3a7d0440787ba68468d111bc8e1c8b2fd8e642c590275aeeff1ecccc9b3670,1667807219,94,0xca3a7d0440787ba68468d111bc8e1c8b2fd8e642c590275aeeff1ecccc9b3670,sender,recipient,-1054.084788,0.6750312685840977,2004450415748467445014890587214531,0,6.400758882947591e+20,202781
mypool,15916748,0x3165aa928cf67fac84fe58cd6781eaf41814ccc88ac3e91eae7bc314efce3d53,1667807243,54,0x3165aa928cf67fac84fe58cd6781eaf41814ccc88ac3e91eae7bc314efce3d53,sender,recipient,1070.464723,-0.6848198701585915,2004425949358223771748745550462792,0,6.400602628138092e+20,202780
mypool,15916748,0x461e47b4c475619d2f885dfcd5d4452203445f4d5305a885474e7434e02defa3,1667807243,290,0x461e47b4c475619d2f885dfcd5d4452203445f4d5305a885474e7434e02defa3,sender,recipient,234.470209,-0.15,2004425616242226430747211464643058,0,6.400600500703101e+20,202780
mypool,15916748,0xb4856a4a95f2ce0406cb94e74dbb6cd091f27297a686998cb42eaa0214726b26,1667807243,6,0xb4856a4a95f2ce0406cb94e74dbb6cd091f27297a686998cb42eaa0214726b26,sender,recipient,2867.434164,-1.8344455153618215,2004441677490553113927071732303312,0,6.40070307577011e+20,202781
mypool,15916748,0xf4de277e2a7caff2072bd14829fedd8a21bd4b8a3a46d8aa8105f45ecec83f89,1667807243,20,0xf4de277e2a7caff2072bd14829fedd8a21bd4b8a3a46d8aa8105f45ecec83f89,sender,recipient,10000.0,-6.397457379307333,2004427470187917417177970242768291,0,6.40061234087428e+20,202780
mypool,15916749,0x63271dd19958ff2f0aae8268ebf73fa316e53e0a31251da15b19fca1b0cabe18,1667807255,89,0x63271dd19958ff2f0aae8268ebf73fa316e53e0a31251da15b19fca1b0cabe18,sender,recipient,-1405.413606,0.9,2004427613938862484733411377304002,0,6.40061325893604e+20,202780
mypool,15916750,0x925d7f711b2c13c3105605fb4483058721895ad79c2d36aa679ac1928674ba27,1667807267,281,0x925d7f711b2c13c3105605fb4483058721895ad79c2d36aa679ac1928674ba27,sender,recipient,-1250.0,0.8004793530512415,2004431578845121824340753690400376,0,6.400638580735139e+20,202780
mypool,15916750,0xedd01b855f3c74943f1b72bacbe58b966d353d4b21a5cba8c5b16cb7332be4b4,1667807267,234,0xedd01b855f3c74943f1b72bacbe58b966d353d4b21a5cba8c5b16cb7332be4b4,sender,recipient,-1539.370783,0.9857856728809606,2004429802050776467522569238791691,0,6.400627233265345e+20,202780
mypool,15916751,0x4ea243d01589b7d5a315b6b8faf803ff519520ac6ece00f8db8ef9123ba79afb,1667807279,177,0x4ea243d01589b7d5a315b6b8faf803ff519520ac6ece00f8db8ef9123ba79afb,sender,recipient,144.617827,-0.09251835243481081,2004431373382833533218878642916467,0,6.400637268552876e+20,202780
mypool,15916752,0x8a180ca4ffab6921a5a690e325d2233e7071f0a4ecc22714e3693c7a4c7c7add,1667807291,94,0x8a180ca4ffab6921a5a690e325d2233e7071f0a4ecc22714e3693c7a4c7c7add,sender,recipient,1178.642493,-0.7540261059855491,2004426552560096126122495584526543,0,6.400606480469051e+20,202780
mypool,15916752,0xbc69e8932098cf059aeac0bcf6fd76c317631d587e74766162a629404e094fc4,1667807291,243,0xbc69e8932098cf059aeac0bcf6fd76c317631d587e74766162a629404e094fc4,sender,recipient,1753.568783,-1.1218277817319031,2004424061234893749680541369097950,0,6.40059056970165e+20,202780
mypool,15916752,0xce2c73d56b679005ce393c96fad81e38f8fdf3e0d513141300ec835611c57c23,1667807291,41,0xce2c73d56b679005ce393c96fad81e38f8fdf3e0d513141300ec835611c57c23,sender,recipient,802.34011,-0.5132917341015183,2004430233478247319089195509573904,0,6.400629988569336e+20,202780
mypool,15916752,0xdc9d41f7a558f2db57f7c738aea668216fd3194417f019f8aa9145eef4d387a8,1667807291,80,0xdc9d41f7a558f2db57f7c738aea668216fd3194417f019f8aa9145eef4d387a8,sender,recipient,1412.236964,-0.9034677612745605,2004428227081151569641892794802420,0,6.40061717475444e+20,202780
mypool,15916753,0x0ec79befed2edba156953084cfd53d103b6641360511b2f0a93bd70667dc173f,1667807303,243,0x0ec79befed2edba156953084cfd53d103b6641360511b2f0a93bd70667dc173f,sender,recipient,30.698241,-0.019638861851264223,2004424017621433401507009404065702,0,6.40059029116588e+20,202780
mypool,15916754,0x04924868aac2a83b12667cb1ce63499a2c35cd8f1036fd104ad3e438c0d169b3,1667807315,237,0x04924868aac2a83b12667cb1ce63499a2c35cd8f1036fd104ad3e438c0d169b3,sender,recipient,-7651.685461,4.9,2004433473255492969689026460637081,0,6.400650679368953e+20,202780
mypool,15916754,0x338da01c2c8e4d268f7f5bef90548cd33a57fac32105f31786cc723517b1b646,1667807315,115,0x338da01c2c8e4d268f7f5bef90548cd33a57fac32105f31786cc723517b1b646,sender,recipient,1000.0,-0.6397385461618733,2004422596907141120208604713927497,0,6.400581217829297e+20,202780
mypool,15916756,0x1b6f635d77dcb806ec6cade97f26ddd17af803719e764b8da9ca5540e4e05978,1667807339,528,0x1b6f635d77dcb806ec6cade97f26ddd17af803719e764b8da9ca5540e4e05978,sender,recipient,367668.507855,-235.41868943107258,2005043492361670007522075509954758,0,6.404547155255292e+20,202787
mypool,15916756,0x40174456bb8556bc5c8000a3d318736d237dee7941fd298d0de1dda1a13c31c7,1667807339,19,0x40174456bb8556bc5c8000a3d318736d237dee7941fd298d0de1dda1a13c31c7,sender,recipient,-4165340.088463,2675.75,2010986723243457549130177046734622,0,6.44257138332383e+20,202846
mypool,15916756,0x4a16261e530d557a7e66fb07f01826d999518e10048165e1c4cad35ec144cdf5,1667807339,187,0x4a16261e530d557a7e66fb07f01826d999518e10048165e1c4cad35ec144cdf5,sender,recipient,51117.0,-32.740032200995856,2005566953721674704693773704143418,0,6.407891691773986e+20,202792
mypool,15916756,0x78f0bc90d83d3849a171e5ca46c5f1ffc522a3577167420ac4e16d250b11d80c,1667807339,491,0x78f0bc90d83d3849a171e5ca46c5f1ffc522a3577167420ac4e16d250b11d80c,sender,recipient,62.0,-0.039709062274387176,2005566865316713113002176057613298,0,6.407891126857012e+20,202792
mypool,15916756,0xdc27f704428fa66c3759660b84f8795807e4e82e1623161e0317458b5cfbff3b,1667807339,23,0xdc27f704428fa66c3759660b84f8795807e4e82e1623161e0317458b5cfbff3b,sender,recipient,-845580.740495,545.4375,2012440215619397528592398160428134,0,6.451887817288602e+20,202860
mypool,15916756,0xffa1df52379fe202a8f4826bb4743b45ac63d46d19435e509e48c84a3e7f9036,1667807339,50,0xffa1df52379fe202a8f4826bb4743b45ac63d46d19435e509e48c84a3e7f9036,sender,recipient,4165340.088463,-2676.690779206788,2005639843412930564330546909031513,0,6.408357473017197e+20,202792
mypool,15916757,0x10fb3816d02b10fb9f111955af706afc053a983f4814615cd6ac28bbafcb3984,1667807351,73,0x10fb3816d02b10fb9f111955af706afc053a983f4814615cd6ac28bbafcb3984,sender,recipient,284746.538152,-182.28774819880434,2004905269959862906615587401665770,0,6.403664160566953e+20,202785
mypool,15916757,0x3ba45ab74cbb38f883ef9b87bd056eaf892eb437370f1cb88268a52e2ae8dce0,1667807351,19,0x3ba45ab74cbb38f883ef9b87bd056eaf892eb437370f1cb88268a52e2ae8dce0,sender,recipient,-3595236.980811,2310.0,2010744694572205524650060260242369,0,6.441020708582176e+20,202843
mypool,15916757,0x58d1d9dd4f472a44458d6ed071a3ea18c153f6d170497c0c85cd6dc682b46524,1667807351,67,0x58d1d9dd4f472a44458d6ed071a3ea18c153f6d170497c0c85cd6dc682b46524,sender,recipient,495072.727256,-317.21201497315644,2005635694822650296468104432599440,0,6.408330962153726e+20,202792
mypool,15916757,0x6c3283e8b2db9da65e317a438b8bdad101e8ca884795621da9e0a3210e47fb34,1667807351,63,0x6c3283e8b2db9da65e317a438b8bdad101e8ca884795621da9e0a3210e47fb34,sender,recipient,3595236.980811,-2311.0849462804827,2006341909333744735973381630972056,0,6.412844696233053e+20,202799
mypool,15916757,0x78fa8dfd1a7db3ae113cad51c6685456717be5ae065222717ac330f228c78ee8,1667807351,242,0x78fa8dfd1a7db3ae113cad51c6685456717be5ae065222717ac330f228c78ee8,sender,recipient,19.0,-0.012160878260314726,2004905242953308971767294489650741,0,6.403663988049175e+20,202785
mypool,15916757,0x8360846f59d3472bafa0e5524b6351a68389a130c3d67ff3ecffa983660cf0ec,1667807351,43,0x8360846f59d3472bafa0e5524b6351a68389a130c3d67ff3ecffa983660cf0ec,sender,recipient,-908757.83524,586.08,2012304864262962047318441862851152,0,6.451019972973131e+20,202859
mypool,15916757,0x9d85dd606730ac9e6c1789a289065b6ca0b60a6e7438a83a8f1ccb72d7b071a9,1667807351,70,0x9d85dd606730ac9e6c1789a289065b6ca0b60a6e7438a83a8f1ccb72d7b071a9,sender,recipient,228429.0,-146.28791276901381,2005310089726824840390792800241347,0,6.406250408991482e+20,202789
mypool,15916758,0x34ebf7d03b8dc9aee8ee998be2e2f6f1b619ab6eab7ad8ec415e15348587c2ec,1667807363,6,0x34ebf7d03b8dc9aee8ee998be2e2f6f1b619ab6eab7ad8ec415e15348587c2ec,sender,recipient,-119750.344023,76.72897519755423,2005075555415131220477126287005511,0,6.404751989694552e+20,202787
mypool,15916758,0x9b7d82408765f069e18dd16a1dc14e46ce8e5064d3b39e15188a27a368151cbe,1667807363,75,0x9b7d82408765f069e18dd16a1dc14e46ce8e5064d3b39e15188a27a368151cbe,sender,recipient,2968.553863,-1.9003304837011799,2005071335211902182968125290249255,0,6.404725028788755e+20,202787
mypool,15916759,0xfc88507f0107557536fc23606c0bd343a0309dd6fd43d0ca50002e8a4e7af0dc,1667807375,22,0xfc88507f0107557536fc23606c0bd343a0309dd6fd43d0ca50002e8a4e7af0dc,sender,recipient,-7958.844755,5.1,2005082655492839822223258128661271,0,6.404797348900315e+20,202787
mypool,15916760,0x01a3b0e6ea4b598d6760da0443e4e8d533bf66c33a2de4af2329d832b3f7710b,1667807387,6,0x01a3b0e6ea4b598d6760da0443e4e8d533bf66c33a2de4af2329d832b3f7710b,sender,recipient,-1154.805302,0.74,2005084298043407244389689167960269,0,6.404807842440619e+20,202787
mypool,15916760,0x076216f6fbe114c6203e4186295c6a76aef03b190af51ebc1b0474cd9133362b,1667807387,156,0x076216f6fbe114c6203e4186295c6a76aef03b190af51ebc1b0474cd9133362b,sender,recipient,-161.705712,0.1035978030310229,2004857913764247529145571878772779,0,6.403361652916599e+20,202785
mypool,15916760,0x65b4ff1ffecbe736860242cbee2179e8a1db2c6c72e5dc53422c05484015cf5f,1667807387,9,0x65b4ff1ffecbe736860242cbee2179e8a1db2c6c72e5dc53422c05484015cf5f,sender,recipient,159420.120592,-102.0429369220499,2004857683812044620636805676049470,0,6.403360184017458e+20,202785
mypool,15916762,0xafd2c8acdb51fbb2808b03c8ede6c6f79b1cc08305009df1a3a8a967af25bdfb,1667807411,94,0xafd2c8acdb51fbb2808b03c8ede6c6f79b1cc08305009df1a3a8a967af25bdfb,sender,recipient,1847.790458,-1.182618800836136,2004859439561094710846913947824057,0,6.403371399475368e+20,202785
mypool,15916762,0xc77e83e4e121b7fd7329d7d0d614e0facc65b4d4681528868b2c2c5e91b66986,1667807411,263,0xc77e83e4e121b7fd7329d7d0d614e0facc65b4d4681528868b2c2c5e91b66986,sender,recipient,51.613935,-0.033033793130015435,2004859366200528414437465106445748,0,6.40337093085903e+20,202785
mypool,15916762,0xf5e8ea5210c9c3392ef340f3d02ee58a48a0b8d712814a8a0d3df8e339e993dd,1667807411,54,0xf5e8ea5210c9c3392ef340f3d02ee58a48a0b8d712814a8a0d3df8e339e993dd,sender,recipient,-2919.828017,1.870610653744444,2004862065889370142505215483121051,0,6.403388176079301e+20,202785
mypool,15916764,0x03fcad6fbfcd01e5a68e2da18ae22fd953895cb924cf52130318b5f6cdc9579d,1667807435,66,0x03fcad6fbfcd01e5a68e2da18ae22fd953895cb924cf52130318b5f6cdc9579d,sender,recipient,3237319.795378,-2080.775434598802,2006507553095268767144376009050161,0,6.413903629969364e+20,202801
mypool,15916764,0x99461047b39f9664028492bdb8c69c9083308b801501671adb327c512a0cfe69,1667807435,19,0x99461047b39f9664028492bdb8c69c9083308b801501671adb327c512a0cfe69,sender,recipient,-3237319.795378,2079.0,2009908303169664524146355995619571,0,6.43566339601712e+20,202835
mypool,15916764,0xd705440ebfd2382a37d70c2e6c696e63e22e666ed5ba2fc29f91f9eef72a23f5,1667807435,37,0xd705440ebfd2382a37d70c2e6c696e63e22e666ed5ba2fc29f91f9eef72a23f5,sender,recipient,-1154193.022787,743.904,2011889224536480699198749606511037,0,6.448355343657109e+20,202855
mypool,15916765,0x06bb1c8c611e613ef6d49227af8713301801fa296b0fb45fa7ef5d6cf8ad0ead,1667807447,91,0x06bb1c8c611e613ef6d49227af8713301801fa296b0fb45fa7ef5d6cf8ad0ead,sender,recipient,4997.978484,-3.2040064517806695,2006489590298039168381016227257467,0,6.413788792490209e+20,202801
mypool,15916765,0x62e14a6e251de55538559daf1f66f43fddc3dd440c572e8d0bbc28ae223f875d,1667807447,98,0x62e14a6e251de55538559daf1f66f43fddc3dd440c572e8d0bbc28ae223f875d,sender,recipient,3444.103221,-2.2078651567883596,2006484665265314680068121023588722,0,6.413757306574631e+20,202801
mypool,15916765,0x73915db711e686fa1eeb72acb8c20d7cd78af8a6de4dd51da967b58d83804854,1667807447,13,0x73915db711e686fa1eeb72acb8c20d7cd78af8a6de4dd51da967b58d83804854,sender,recipient,3498.873575,-2.2430161271003985,2006502549652103970902968400946720,0,6.413871642487219e+20,202801
mypool,15916765,0x9ccb23eec8e99f928eeabb8b59dbeb9e8c3afd303e2ea59b0083cfde884cb593,1667807447,373,0x9ccb23eec8e99f928eeabb8b59dbeb9e8c3afd303e2ea59b0083cfde884cb593,sender,recipient,1295.708784,-0.8306198824665455,2006482812421136139272616826194690,0,6.413745461293571e+20,202801
mypool,15916765,0xd2fb5a2a2dc796671083534c4a5e3b5ac56e800e03dd0f1fcaf62c8c0b08a48a,1667807447,63,0xd2fb5a2a2dc796671083534c4a5e3b5ac56e800e03dd0f1fcaf62c8c0b08a48a,sender,recipient,4064.490286,-2.605600893952,2006496737399652676971903668010165,0,6.413834484311476e+20,202801
mypool,15916765,0xeb944ef0ac475ff342c2af5a776b10aa10553d55f50ccc6a6924e4e7bff141c4,1667807447,425,0xeb944ef0ac475ff342c2af5a776b10aa10553d55f50ccc6a6924e4e7bff141c4,sender,recipient,200.925699,-0.12880417614656758,2006482525100698737482993743952491,0,6.413743624447516e+20,202801
mypool,15916766,0x1e2ce0aca5a0a09fcf99f6c59404f6160a97711f9ab8827cf06bd93260c8bc7c,1667807459,301,0x1e2ce0aca5a0a09fcf99f6c59404f6160a97711f9ab8827cf06bd93260c8bc7c,sender,recipient,548.0,-0.3512978890735883,2006483489880895636433389481560768,0,6.413749792310179e+20,202801
mypool,15916766,0x1f1e48fd4e8ec7f73a1fecb6faa6de538b7b0bf381c8cae57ccaa72e7133dbe7,1667807459,75,0x1f1e48fd4e8ec7f73a1fecb6faa6de538b7b0bf381c8cae57ccaa72e7133dbe7,sender,recipient,469.310415,-0.30085905305297367,2006501822071284279799924385753041,0,6.413866991001337e+20,202801
mypool,15916766,0x1f1e48fd4e8ec7f73a1fecb6faa6de538b7b0bf381c8cae57ccaa72e7133dbe7,1667807459,91,0x1f1e48fd4e8ec7f73a1fecb6faa6de538b7b0bf381c8cae57ccaa72e7133dbe7,sender,recipient,1577.322253,-1.0111665389965374,2006499566485937885881481381425715,0,6.413852570863655e+20,202801
mypool,15916766,0xbb3e844a96a1c964b7335d95c54d57f4c0ceb4a87412954f6b49ab3b7fa28d27,1667807459,11,0xbb3e844a96a1c964b7335d95c54d57f4c0ceb4a87412954f6b49ab3b7fa28d27,sender,recipient,-400000.0,256.68063842592295,2006502493190477038769950515829543,0,6.41387128152319e+20,202801
mypool,15916766,0xc2b755b14ba2701f95810e969771db5d2303287b3327bc4e8e58bb4fe992ad8b,1667807459,111,0xc2b755b14ba2701f95810e969771db5d2303287b3327bc4e8e58bb4fe992ad8b,sender,recipient,2816.689729,-1.8056763494961525,2006495538606298696661922637786953,0,6.413826820347003e+20,202801
mypool,15916766,0xe2a0754c0b1c45069ae1e0ad74aa224f99c6298cc4c2e24d83d1a3ace5885c89,1667807459,126,0xe2a0754c0b1c45069ae1e0ad74aa224f99c6298cc4c2e24d83d1a3ace5885c89,sender,recipient,4615.552716,-2.9588456789101247,2006488938379038196405723962128047,0,6.41378462474359e+20,202801
mypool,15916766,0xeb7da4db0c03d608c43e36f852ec9390062aef771847bb7010baa0d6d729cb74,1667807459,144,0xeb7da4db0c03d608c43e36f852ec9390062aef771847bb7010baa0d6d729cb74,sender,recipient,3262.169017,-2.0912339434502396,2006484273512810117946124851969309,0,6.413754802089761e+20,202801
mypool,15916767,0x00b414c5412d17f59e924467e1023431668e77678a057eaa40c6db90d3054895,1667807471,32,0x00b414c5412d17f59e924467e1023431668e77678a057eaa40c6db90d3054895,sender,recipient,3232.300769,-2.0729301834990106,2006892634842547970093805634674180,0,6.416365733057783e+20,202805
mypool,15916767,0x6ba3c630c9517db24c6df171192b85c2c04a848f17fd560537f37b095d4a0ea6,1667807471,102,0x6ba3c630c9517db24c6df171192b85c2c04a848f17fd560537f37b095d4a0ea6,sender,recipient,15628.895252,-10.022870673998657,2006862826278628887878832765046661,0,6.416175128713196e+20,202805
mypool,15916767,0xa138085fed0c740c2cf1632a297c96a7d7f7f3d5eb75f9c1e26dfc64b6545932,1667807471,71,0xa138085fed0c740c2cf1632a297c96a7d7f7f3d5eb75f9c1e26dfc64b6545932,sender,recipient,5208.288441,-3.340145032192,2006885184059814475669444466813922,0,6.416318090391264e+20,202805
mypool,15916767,0xbab916610b6e17b1534a8521102d11cbaa18e010c51fff7eb75b10d9f68501e9,1667807471,130,0xbab916610b6e17b1534a8521102d11cbaa18e010c51fff7eb75b10d9f68501e9,sender,recipient,978.365382,-0.6274220571372908,2006861426703046128165859289389197,0,6.41616617950272e+20,202805
mypool,15916767,0xe29ae141338125934eea98f4df39573505c70d0e672304df12ab6d4ac7c56449,1667807471,2,0xe29ae141338125934eea98f4df39573505c70d0e672304df12ab6d4ac7c56449,sender,recipient,-289147.745325,185.5831639311,2006897258879010488001058114617613,0,6.416395300701585e+20,202805
mypool,15916768,0xbd747c508b25141631f135bd54955e8370413e70b078e979e42676ec534bb0ea,1667807483,20,0xbd747c508b25141631f135bd54955e8370413e70b078e979e42676ec534bb0ea,sender,recipient,974.975209,-0.6252470812490151,2006860031979130777486500028590616,0,6.41615726132114e+20,202805
mypool,15916769,0x33a197d03ede26adf513d0d87312937a21980016e612cf76e86bca758e36e7cc,1667807495,2,0x33a197d03ede26adf513d0d87312937a21980016e612cf76e86bca758e36e7cc,sender,recipient,306923.661894,-196.7855319258051,2006421067134986841199576970448356,0,6.413350728327979e+20,202800
mypool,15916769,0x564f3663f35759ca395356a189952e0f21365248c6548c7eda0d9b959a5787da,1667807495,298,0x564f3663f35759ca395356a189952e0f21365248c6548c7eda0d9b959a5787da,sender,recipient,1623.682543,-1.0408026948765523,2006418745440966605338983416775050,0,6.41333588614987e+20,202800
mypool,15916770,0x1a7d535153a15c13bf9aeff99bf7079cbefe1919cf2e093e525f4bf94f0d1616,1667807507,5,0x1a7d535153a15c13bf9aeff99bf7079cbefe1919cf2e093e525f4bf94f0d1616,sender,recipient,-114405.563074,73.41482340460301,2006582428273414591259426034945740,0,6.414382323544739e+20,202802
mypool,15916772,0x8a458f7d58ebc387bc97dff85c6d07cc7f454590caeb913aeb8a37101d3cb004,1667807531,330,0x8a458f7d58ebc387bc97dff85c6d07cc7f454590caeb913aeb8a37101d3cb004,sender,recipient,-1558.191831,1.0,2006599790665300258224615092891978,0,6.414493327707697e+20,202802
mypool,15916772,0x924ef549405c695852d867358e1ff8cd3209e3e6a186e168ecb48928a1abd61d,1667807531,109,0x924ef549405c695852d867358e1ff8cd3209e3e6a186e168ecb48928a1abd61d,sender,recipient,-9874.910986,6.33735872971165,2006596557801744330925568608401105,0,6.414472658748096e+20,202802
mypool,15916772,0xe258c53ac8c4aa6fd76b8f45b893b75ab61e2e0b63ece8ecedb0aa1357adf853,1667807531,218,0xe258c53ac8c4aa6fd76b8f45b893b75ab61e2e0b63ece8ecedb0aa1357adf853,sender,recipient,-701.187453,0.45,2006597561104227204914927862208617,0,6.414479073249236e+20,202802
mypool,15916773,0x416a80298874bf3a2abf5400b25cb07df57874b8dbbc14973b9edc6d0cd7629a,1667807543,569,0x416a80298874bf3a2abf5400b25cb07df57874b8dbbc14973b9edc6d0cd7629a,sender,recipient,228.686589,-0.14675307274637395,2007527006443049057095844232465689,0,6.420422754785771e+20,202811
mypool,15916773,0xabc0fd14c0c00e185b2d932ef4fe4b1962dff4a0b8f4e14adde4f284ce6a1b32,1667807543,2,0xabc0fd14c0c00e185b2d932ef4fe4b1962dff4a0b8f4e14adde4f284ce6a1b32,sender,recipient,-614532.107844,394.5620615042001,2007505150017670351156855007002316,0,6.42028295419878e+20,202811
mypool,15916773,0xc73ca48afb86e7306501c882fa7ef9aceb08f24d27218772f5ceeb2d1e2986d2,1667807543,515,0xc73ca48afb86e7306501c882fa7ef9aceb08f24d27218772f5ceeb2d1e2986d2,sender,recipient,-5084.962689,3.266337244737545,2007513849855011102790018165625063,0,6.420338600918702e+20,202811
mypool,15916773,0xc73ca48afb86e7306501c882fa7ef9aceb08f24d27218772f5ceeb2d1e2986d2,1667807543,545,0xc73ca48afb86e7306501c882fa7ef9aceb08f24d27218772f5ceeb2d1e2986d2,sender,recipient,-9605.953287,6.17048300069396,2007530284838418403693573370804887,0,6.420443724567346e+20,202811
mypool,15916773,0xf7199ecffc3194307ddcd76fe94399f4676a0bcb11afbf06ebede095de0c6006,1667807543,556,0xf7199ecffc3194307ddcd76fe94399f4676a0bcb11afbf06ebede095de0c6006,sender,recipient,1688.422754,-1.0834987476282651,2007527397513061034470270109661254,0,6.420425256206713e+20,202811
mypool,15916774,0x11e69fd96628609a5e011c3baef64dd6f950392718ef27e2d9ce067b29b0816d,1667807555,346,0x11e69fd96628609a5e011c3baef64dd6f950392718ef27e2d9ce067b29b0816d,sender,recipient,609.731471,-0.39184617742861305,2008984440622024187322658992826274,0,6.42974839790893e+20,202826
mypool,15916774,0x1dadffbee5db19dec0487e48a28b18ed3e3515cb01452fd3701603648e70b483,1667807555,160,0x1dadffbee5db19dec0487e48a28b18ed3e3515cb01452fd3701603648e70b483,sender,recipient,1178.330581,-0.7572596458137908,2008985485060778580675143452964220,0,6.42975508335658e+20,202826
mypool,15916774,0x284414764a3f7b16c26a5f8c7c1c56efd3c7bb80971d35e6af928eca6deb8a32,1667807555,120,0x284414764a3f7b16c26a5f8c7c1c56efd3c7bb80971d35e6af928eca6deb8a32,sender,recipient,1425.823133,-0.9163184197750595,2008992431897367095685483561936323,0,6.429799550113981e+20,202826
mypool,15916774,0x90dd943b56a2526bc15d5c27b41553210a08dc407c9a3c4837729c18019b07ea,1667807555,153,0x90dd943b56a2526bc15d5c27b41553210a08dc407c9a3c4837729c18019b07ea,sender,recipient,2877.137511,-1.849012240384,2008987503483738366204511485330924,0,6.429768003282485e+20,202826
mypool,15916774,0xa379e053426542a84510ca344766a7c0cd13e39b75bbe2a81bcb26e9e42488b5,1667807555,2,0xa379e053426542a84510ca344766a7c0cd13e39b75bbe2a81bcb26e9e42488b5,sender,recipient,-857224.855122,551.0525240702741,2008994874280435007333952626386105,0,6.429815183864361e+20,202826
mypool,15916774,0xaad9910345961b582c40b62d5f0ca291981536f570cd6961595d51a323270eeb,1667807555,374,0xaad9910345961b582c40b62d5f0ca291981536f570cd6961595d51a323270eeb,sender,recipient,5694.09444,-3.659275466881209,2008964901959605410860661269315041,0,6.429623331661591e+20,202826
mypool,15916774,0xc99b5852370f34e8c2b38e8008bab5c8b9bbcc9d0a1ce301717fb923661f21ef,1667807555,356,0xc99b5852370f34e8c2b38e8008bab5c8b9bbcc9d0a1ce301717fb923661f21ef,sender,recipient,5712.471416,-3.6711210246896373,2008974655504059236338930049550090,0,6.429685763582785e+20,202826
mypool,15916775,0x00a88130821bf57201bc01939069844dc3a6484986caf92411371b9b300214f4,1667807567,2,0x00a88130821bf57201bc01939069844dc3a6484986caf92411371b9b300214f4,sender,recipient,-715698.100217,460.678470269,2010192778082961114175876787785208,0,6.437485284453443e+20,202838
mypool,15916775,0x0ea92e5215816a0e8c443e202a575925c02987b4a1eed8f1b6f87a4ad866eecd,1667807567,168,0x0ea92e5215816a0e8c443e202a575925c02987b4a1eed8f1b6f87a4ad866eecd,sender,recipient,3097.723811,-1.993030851599794,2010125967868676020802800080516485,0,6.437057382583704e+20,202837
mypool,15916775,0x27f039d7e8dbab17a60da5e5dfd4b14df3588be932f4178a739458d12c1e1b40,1667807567,214,0x27f039d7e8dbab17a60da5e5dfd4b14df3588be932f4178a739458d12c1e1b40,sender,recipient,1310.926221,-0.8434041739856658,2010095491621810375695974406560619,0,6.436862194952822e+20,202837
mypool,15916775,0x462e0b6252572c29ba80db732b05a8c3d64005a8fe87a662aa8c31a7b7cd4202,1667807567,147,0x462e0b6252572c29ba80db732b05a8c3d64005a8fe87a662aa8c31a7b7cd4202,sender,recipient,2609.886857,-1.6791717683480392,2010131283861223495656743538642967,0,6.437091429598537e+20,202837
mypool,15916775,0x51d8857840c1d15dd2fe77af601c1b3f7e4e883c4925c49d83333b5736300f67,1667807567,108,0x51d8857840c1d15dd2fe77af601c1b3f7e4e883c4925c49d83333b5736300f67,sender,recipient,5462.623248,-3.514781006848,2010183403140459139280120229280191,0,6.437425239551952e+20,202838
mypool,15916775,0xb8ba6dad9ac69c03f296dde7eacda21cfc79a9f946f621650a89581e4b6f9f10,1667807567,201,0xb8ba6dad9ac69c03f296dde7eacda21cfc79a9f946f621650a89581e4b6f9f10,sender,recipient,16448.443409,-10.582514824537824,2010097741225874366015548752015414,0,6.436876602626006e+20,202837
mypool,15916775,0xd1670514ac44b599755ec1aec2bffb1a0dc489bc9f72fdc88482ca5de2f7f316,1667807567,407,0xd1670514ac44b599755ec1aec2bffb1a0dc489bc9f72fdc88482ca5de2f7f316,sender,recipient,2843.90247,-1.8296610959866793,2010090611383883871706129905718589,0,6.43683093934232e+20,202837
mypool,15916775,0xf0e5bb6e0c9f128f43054513afff1b205c693630af5c5e25a4a6d9e59c35bdae,1667807567,124,0xf0e5bb6e0c9f128f43054513afff1b205c693630af5c5e25a4a6d9e59c35bdae,sender,recipient,24316.106859,-15.645068553898687,2010135762700374080369245010002758,0,6.437120115017705e+20,202837
mypool,15916775,0xf717f7784cfef9f3f9a64259aacb4ef847ef79e0074030e9391d067878ab24cb,1667807567,119,0xf717f7784cfef9f3f9a64259aacb4ef847ef79e0074030e9391d067878ab24cb,sender,recipient,3443.973477,-2.2159171463945775,2010177492645382457579994646762264,0,6.437387383986943e+20,202838
mypool,15916776,0x2d10608e40a51cb5da8d45eefd27b6bac0babe7f425b7137d27baf94834a0d3b,1667807579,120,0x2d10608e40a51cb5da8d45eefd27b6bac0babe7f425b7137d27baf94834a0d3b,sender,recipient,4006.92117,-2.581018215030596,2011303354624300085902878695440594,0,6.444600318515887e+20,202849
mypool,15916776,0x398bbd5396f63578b3dd483fb2681514edc10be8436a5f11d8accd42e1db8fa7,1667807579,170,0x398bbd5396f63578b3dd483fb2681514edc10be8436a5f11d8accd42e1db8fa7,sender,recipient,3002.295483,-1.933828900865418,2011267960324655353112008985528993,0,6.444373500311458e+20,202849
mypool,15916776,0x5eb97b1560a93b82820c90d585bab716534320bc871889927ac859faa7aba687,1667807579,127,0x5eb97b1560a93b82820c90d585bab716534320bc871889927ac859faa7aba687,sender,recipient,1982.117675,-1.2767547634467378,2011299954391007489591590112509654,0,6.444578528539763e+20,202849
mypool,15916776,0x630b3f1594569e34b6299c881356c9bf75361526e3190454dfcbe8b1f688e467,1667807579,450,0x630b3f1594569e34b6299c881356c9bf75361526e3190454dfcbe8b1f688e467,sender,recipient,-509.744024,0.3286625626197052,2011268835176000916479022147323154,0,6.444379106595817e+20,202849
mypool,15916776,0x6a3894083db812da112ca3abd18677e12da5322df7f381901675e0478e964165,1667807579,33,0x6a3894083db812da112ca3abd18677e12da5322df7f381901675e0478e964165,sender,recipient,14948.198438,-9.627790983759114,2011195624789526842220277174371334,0,6.443909963048197e+20,202848
mypool,15916776,0x75b9fa999729c134b91fc2d1fbd362555fb41ed750da010f9b394bafe65197f0,1667807579,47,0x75b9fa999729c134b91fc2d1fbd362555fb41ed750da010f9b394bafe65197f0,sender,recipient,-66776.350132,43.054057795010785,2011310228351592751411518886835903,0,6.444644368062858e+20,202849
mypool,15916776,0x90ecca4e406339349dbfd778877559d4b6164c11e8c5111d985fb32eac648692,1667807579,6,0x90ecca4e406339349dbfd778877559d4b6164c11e8c5111d985fb32eac648692,sender,recipient,-155108.753107,99.99,2011221265371707839900644619857603,0,6.44407426994521e+20,202848
mypool,15916776,0xc5d00e8548fec6a9705a158c4cf9972e46eb6d8d6640a3ba2e90e55f875b6974,1667807579,133,0xc5d00e8548fec6a9705a158c4cf9972e46eb6d8d6640a3ba2e90e55f875b6974,sender,recipient,15648.519017,-10.079634030064993,2011273110467501232404982263758971,0,6.44440650385671e+20,202849
mypool,15916776,0xdd349b994915d3b25caf4aa8a8e9813319c19459f7f7c19b1d113dee2b088bf7,1667807579,2,0xdd349b994915d3b25caf4aa8a8e9813319c19459f7f7c19b1d113dee2b088bf7,sender,recipient,-503841.017952,324.6157795725,2010955106715408126783432103126733,0,6.442368806016595e+20,202845
mypool,15916777,0x03f7a378594419fd6d0ce522dfa6c1a90f8447bbd328dc161f53ad3662945e8a,1667807591,55,0x03f7a378594419fd6d0ce522dfa6c1a90f8447bbd328dc161f53ad3662945e8a,sender,recipient,411.378141,-0.264846308135549,2010779576019586730043017608451751,0,6.441244182078624e+20,202844
mypool,15916777,0x34588d03e99f73b8c4889a8af87d5841cba0f6c6ee7b06d5decee61abdcfd6b4,1667807591,99,0x34588d03e99f73b8c4889a8af87d5841cba0f6c6ee7b06d5decee61abdcfd6b4,sender,recipient,1082.825114,-0.6971247155801,2010777719447960861912427989852187,0,6.441232287561885e+20,202844
mypool,15916777,0xa94dff7e19323fa29ec1772728e449668075499e61a298f9f86e7605d6e117fb,1667807591,2,0xa94dff7e19323fa29ec1772728e449668075499e61a298f9f86e7605d6e117fb,sender,recipient,284874.0,-183.44724188060496,2010780281354127180561335245745084,0,6.441248700955637e+20,202844
mypool,15916778,0x2787a08c11058514dedfe0fea4841defe5e9f05ef08bed8b3ab674acc2528193,1667807603,27,0x2787a08c11058514dedfe0fea4841defe5e9f05ef08bed8b3ab674acc2528193,sender,recipient,2222.319334,-1.4307198876080025,2010767456853216839776508172392065,0,6.441166538287571e+20,202844
mypool,15916778,0x2a42413b76611a1d4e3f865c251355fac2bb28eb498fefa189e781865171df2a,1667807603,35,0x2a42413b76611a1d4e3f865c251355fac2bb28eb498fefa189e781865171df2a,sender,recipient,2569.534145,-1.6542485704630723,2010763051284328783661349390472301,0,6.441138313271575e+20,202844
mypool,15916778,0x372f3f8b6896f4e9c5373762d4ac775f2fdd784dce5853fb70b1f6e40cd7ea00,1667807603,230,0x372f3f8b6896f4e9c5373762d4ac775f2fdd784dce5853fb70b1f6e40cd7ea00,sender,recipient,500.0,-0.32189495240960814,2010759702988766286836510398257796,0,6.441116861895829e+20,202843
mypool,15916778,0x5958635a92ee1bc5dedf115d51a788452d213634d7232646c085aad8c7649792,1667807603,14,0x5958635a92ee1bc5dedf115d51a788452d213634d7232646c085aad8c7649792,sender,recipient,3763.262985,-2.4227853272500104,2010771267124017076603753492215319,0,6.441190949476393e+20,202844
mypool,15916778,0xfab52a7af94522c275ae1dccc6a5ec277db089919bcdca2da83718142d33135b,1667807603,64,0xfab52a7af94522c275ae1dccc6a5ec277db089919bcdca2da83718142d33135b,sender,recipient,1452.890347,-0.935357694976,2010760560254362811485515239059563,0,6.441122354097664e+20,202843
mypool,15916779,0x53be7a48fa6780a8a18d9785102591f9d1cfc7b0688d155d82662c7152022b2c,1667807615,162,0x53be7a48fa6780a8a18d9785102591f9d1cfc7b0688d155d82662c7152022b2c,sender,recipient,1055.981677,-0.6798079989501642,2010726181869783560077743165138281,0,6.44090210560779e+20,202843
mypool,15916779,0x5eb8287800f3042fc78e95ffd77e1bae2de27baf08843eebc15c980bfa51b9a5,1667807615,7,0x5eb8287800f3042fc78e95ffd77e1bae2de27baf08843eebc15c980bfa51b9a5,sender,recipient,2094.508144,-1.3484202146862876,2010756111897166198633519566287361,0,6.441093855049244e+20,202843
mypool,15916779,0x5eb8287800f3042fc78e95ffd77e1bae2de27baf08843eebc15c980bfa51b9a5,1667807615,31,0x5eb8287800f3042fc78e95ffd77e1bae2de27baf08843eebc15c980bfa51b9a5,sender,recipient,738.374784,-0.4753560316527038,2010754845936426566415741829704395,0,6.441085744498863e+20,202843
mypool,15916779,0x5eb8287800f3042fc78e95ffd77e1bae2de27baf08843eebc15c980bfa51b9a5,1667807615,38,0x5eb8287800f3042fc78e95ffd77e1bae2de27baf08843eebc15c980bfa51b9a5,sender,recipient,3177.929865,-2.0459028649653264,2010749397319954524967525820789222,0,6.44105083725156e+20,202843
mypool,15916779,0x5eb8287800f3042fc78e95ffd77e1bae2de27baf08843eebc15c980bfa51b9a5,1667807615,47,0x5eb8287800f3042fc78e95ffd77e1bae2de27baf08843eebc15c980bfa51b9a5,sender,recipient,348.222641,-0.22417976031690448,2010748800287927404906392566761675,0,6.441047012296474e+20,202843
mypool,15916779,0x5eb8287800f3042fc78e95ffd77e1bae2de27baf08843eebc15c980bfa51b9a5,1667807615,72,0x5eb8287800f3042fc78e95ffd77e1bae2de27baf08843eebc15c980bfa51b9a5,sender,recipient,485.79817,-0.31274830220690186,2010747967381546467606972528343003,0,6.441041676186818e+20,202843
mypool,15916779,0x5eb8287800f3042fc78e95ffd77e1bae2de27baf08843eebc15c980bfa51b9a5,1667807615,79,0x5eb8287800f3042fc78e95ffd77e1bae2de27baf08843eebc15c980bfa51b9a5,sender,recipient,865.087623,-0.5569275287033943,2010746484180873263564855307931698,0,6.441032173898135e+20,202843
mypool,15916779,0x5eb8287800f3042fc78e95ffd77e1bae2de27baf08843eebc15c980bfa51b9a5,1667807615,96,0x5eb8287800f3042fc78e95ffd77e1bae2de27baf08843eebc15c980bfa51b9a5,sender,recipient,480.533235,-0.3093581190337739,2010745660303175064170388525072632,0,6.441026895637831e+20,202843
mypool,15916779,0x5eb8287800f3042fc78e95ffd77e1bae2de27baf08843eebc15c980bfa51b9a5,1667807615,113,0x5eb8287800f3042fc78e95ffd77e1bae2de27baf08843eebc15c980bfa51b9a5,sender,recipient,478.308189,-0.3079254249673568,2010744840241005267102450151282932,0,6.441021641824265e+20,202843
mypool,15916779,0x5eb8287800f3042fc78e95ffd77e1bae2de27baf08843eebc15c980bfa51b9a5,1667807615,128,0x5eb8287800f3042fc78e95ffd77e1bae2de27baf08843eebc15c980bfa51b9a5,sender,recipient,3660.74178,-2.3567054002464083,2010738563900088295349312130318166,0,6.440981431864476e+20,202843
mypool,15916779,0x5eb8287800f3042fc78e95ffd77e1bae2de27baf08843eebc15c980bfa51b9a5,1667807615,135,0x5eb8287800f3042fc78e95ffd77e1bae2de27baf08843eebc15c980bfa51b9a5,sender,recipient,6166.034601,-3.969524800400643,2010727992323800871488478854361105,0,6.440913704364942e+20,202843
mypool,15916780,0xff7f35739e432f250d7d732590ebd995ad7d2fb8d77f62bebf7b5a0a6b6466c6,1667807627,11,0xff7f35739e432f250d7d732590ebd995ad7d2fb8d77f62bebf7b5a0a6b6466c6,sender,recipient,-107914.41762,69.54779328440547,2010911307854473904840903629141332,0,6.442088177829872e+20,202845
mypool,15916781,0x1c27771e9cef23167f34f50f6daac4bb0e74c6f3eb83e8ca327297231bc94718,1667807639,307,0x1c27771e9cef23167f34f50f6daac4bb0e74c6f3eb83e8ca327297231bc94718,sender,recipient,-367151.115267,237.05478892219801,2012994237675945480536190126697661,0,6.455440698169506e+20,202866
mypool,15916781,0x815e7f94a830cd4a3443e94bef2113286ef19c11f8b319bb20c2e480f04cb487,1667807639,267,0x815e7f94a830cd4a3443e94bef2113286ef19c11f8b319bb20c2e480f04cb487,sender,recipient,13081.676671,-8.435265011580517,2012349547686514003690338320450703,0,6.45130646719502e+20,202859
mypool,15916781,0xa76a3308cd3dc80e208427bfdaa15bb716691f834f736c0574dae046d69d77e1,1667807639,2,0xa76a3308cd3dc80e208427bfdaa15bb716691f834f736c0574dae046d69d77e1,sender,recipient,-850734.035489,548.7228257177098,2012372046194645828333827724255946,0,6.451450722036386e+20,202860
mypool,15916781,0xfd551aacd31b533e38d94e1cfef7b4c20abca5cd7697708151341e05d608427c,1667807639,237,0xfd551aacd31b533e38d94e1cfef7b4c20abca5cd7697708151341e05d608427c,sender,recipient,18.157345,-0.011708264197502377,2012372015009691329611789128659395,0,6.451450522085095e+20,202859
mypool,15916782,0x0f57464d9f3f72d2b127728adf2e5252cb2f46b0b396571613da1e86864627e4,1667807651,111,0x0f57464d9f3f72d2b127728adf2e5252cb2f46b0b396571613da1e86864627e4,sender,recipient,200.0,-0.12890412392121045,2011900763395111575372023088043670,0,6.448429310825061e+20,202855
mypool,15916782,0x578827cac874c28cb51a740691d1c50d94d66672fa27289c01e994401e5fd357,1667807651,247,0x578827cac874c28cb51a740691d1c50d94d66672fa27289c01e994401e5fd357,sender,recipient,3637.124132,-2.3435938756027315,2011637052190350959494850873762729,0,6.446738957459006e+20,202852
mypool,15916782,0x9d600a536c385b26867af31354ae38b74d07d9abade82f0428b988fef3091fb6,1667807651,193,0x9d600a536c385b26867af31354ae38b74d07d9abade82f0428b988fef3091fb6,sender,recipient,150000.0,-96.66570425582367,2011643294351199170059312995926836,0,6.446778966310414e+20,202852
mypool,15916782,0xc44919ac246c015eb432440a5fae09fcf05028e3e2742a02d81a4de6bda0f30b,1667807651,2,0xc44919ac246c015eb432440a5fae09fcf05028e3e2742a02d81a4de6bda0f30b,sender,recipient,628502.195677,-405.30159239280226,2011901106731166465395710293723924,0,6.44843151170744e+20,202855
mypool,15916783,0x04f47204128b1cfa31734f05d52ae99756da97a7b1536939507c286c89324f5f,1667807663,86,0x04f47204128b1cfa31734f05d52ae99756da97a7b1536939507c286c89324f5f,sender,recipient,3330.316233,-2.1462675881396795,2011809080410527153083089015106177,0,6.44784161009448e+20,202854
mypool,15916783,0x198757703f109234a4f1445faeee4db3acc32dac51acd19be92b0d7d2009b2fc,1667807663,198,0x198757703f109234a4f1445faeee4db3acc32dac51acd19be92b0d7d2009b2fc,sender,recipient,4206.733264,-2.7109133337227407,2011744090132583283506676168235821,0,6.44742502956114e+20,202853
mypool,15916783,0x1efeba1ad327c465a59c20b101543edf027fd4b8bbd8d4ce8dd4f50a5891459d,1667807663,266,0x1efeba1ad327c465a59c20b101543edf027fd4b8bbd8d4ce8dd4f50a5891459d,sender,recipient,4091.221722,-2.636445966159118,2011733072696124527115292735591890,0,6.447354410339319e+20,202853
mypool,15916783,0x1fa9869903a0766e5fb2e03747a87ef9e7ea5f79c29afc9ba1bb38d247e574e8,1667807663,323,0x1fa9869903a0766e5fb2e03747a87ef9e7ea5f79c29afc9ba1bb38d247e574e8,sender,recipient,3697.962072,-2.3830074956365284,2011726687990427215881073544571058,0,6.447313486028164e+20,202853
mypool,15916783,0x2678de5f5b2c2205b0ce88c5c53c1580d8754011365b6316485f0592cd34822f,1667807663,109,0x2678de5f5b2c2205b0ce88c5c53c1580d8754011365b6316485f0592cd34822f,sender,recipient,4686.469685,-3.020238466048,2011801036007227892992030061929946,0,6.447790045624347e+20,202854
mypool,15916783,0x2981aed8a97f5a7c75589f8a3c74760ff926fc4a888ec2361318f9a54925b0c4,1667807663,153,0x2981aed8a97f5a7c75589f8a3c74760ff926fc4a888ec2361318f9a54925b0c4,sender,recipient,22855.064481,-14.728671981527599,2011752361426621929152088953459002,0,6.447478046898786e+20,202853
mypool,15916783,0x3cc4e3cd731b3fb13eb4892d3b2d7c4833b3f5a2d43048009143d32c5336b033,1667807663,8,0x3cc4e3cd731b3fb13eb4892d3b2d7c4833b3f5a2d43048009143d32c5336b033,sender,recipient,-109126.587895,70.3928126272,2011824449657940983486462476513994,0,6.447940127247512e+20,202854
mypool,15916783,0x499f0344b3817266e9d63df390fbc7e3bf9924b7f8cc8a50e6de10426ea20223,1667807663,80,0x499f0344b3817266e9d63df390fbc7e3bf9924b7f8cc8a50e6de10426ea20223,sender,recipient,813.321614,-0.5241580282232335,2011814796992929905462993278298230,0,6.447878253402845e+20,202854
mypool,15916783,0x4d004211ba26b645ad307966774c04549f96374026d953754bf29b26b3e379c0,1667807663,124,0x4d004211ba26b645ad307966774c04549f96374026d953754bf29b26b3e379c0,sender,recipient,-263.52434,0.17,2011801488575726029607406965573223,0,6.447792946574226e+20,202854
mypool,15916783,0x73b0892fbd45a88f2c19f75638b7380e87156cc45b4c5fee8f74f418ec60ca13,1667807663,19,0x73b0892fbd45a88f2c19f75638b7380e87156cc45b4c5fee8f74f418ec60ca13,sender,recipient,4060.0,-2.6165456958005002,2011817480490087325730230091918453,0,6.447895454662653e+20,202854
mypool,15916783,0x832c9718e8d1e22869bb580cdac534ada4c7109aa3c73c79e41f4fc6abfcd705,1667807663,228,0x832c9718e8d1e22869bb580cdac534ada4c7109aa3c73c79e41f4fc6abfcd705,sender,recipient,1163.539487,-0.7498060351935418,2011740094868336062118480748980564,0,6.447399420795835e+20,202853
mypool,15916783,0x8a670256ee8b5e341df42be275fe32f227cd4576fd0f677ada853e5e2702f3b5,1667807663,191,0x8a670256ee8b5e341df42be275fe32f227cd4576fd0f677ada853e5e2702f3b5,sender,recipient,612.189594,-0.3945103366455539,2011751310648582585663472058685003,0,6.447471311609988e+20,202853
mypool,15916783,0xac66700f885f55dc92eb71d29ea1a9c23ce88ee57335e0f262321ade74d9073d,1667807663,209,0xac66700f885f55dc92eb71d29ea1a9c23ce88ee57335e0f262321ade74d9073d,sender,recipient,1164.147996,-0.7501996597713303,2011742091976250262226686786166973,0,6.447412221812064e+20,202853
mypool,15916783,0xbfb51d002666e0f1cdb4dcaf23cecda23b9213a9e1fec385b95d41da2cdb3fdd,1667807663,134,0xbfb51d002666e0f1cdb4dcaf23cecda23b9213a9e1fec385b95d41da2cdb3fdd,sender,recipient,5765.993632,-3.715916129206115,2011791591235398239614364168823997,0,6.447729505082068e+20,202854
mypool,15916783,0xc2d84ff4875c04dc37e57d61bbbfeb21d8e38c6e757be9d7352b3b0ca869c174,1667807663,396,0xc2d84ff4875c04dc37e57d61bbbfeb21d8e38c6e757be9d7352b3b0ca869c174,sender,recipient,752.990983,-0.48523384144616694,2011725395570388559186072352692199,0,6.447305201966002e+20,202853
mypool,15916783,0xc519c604bed7e3e59f6bbd02b87978936ae47212773b8b4bd9c4699b062af1b9,1667807663,58,0xc519c604bed7e3e59f6bbd02b87978936ae47212773b8b4bd9c4699b062af1b9,sender,recipient,750.0,-0.48335005371450573,2011816193087516135274790990665628,0,6.447887202388665e+20,202854
mypool,15916783,0xea0344c515b36f83f7edec2ffe603fe2aecf04108c5403de3401df3c954a92d8,1667807663,311,0xea0344c515b36f83f7edec2ffe603fe2aecf04108c5403de3401df3c954a92d8,sender,recipient,21.886992,-0.014104263191979301,2011733035129428178248994053727902,0,6.447354169546138e+20,202853
mypool,15916784,0x96d80b152baaf6fca0ce1bb32b4e8eaed44d7017608a3545b63be711c66b906f,1667807675,84,0x96d80b152baaf6fca0ce1bb32b4e8eaed44d7017608a3545b63be711c66b906f,sender,recipient,603.198684,-0.3887124243396649,2011741113086327580334559089670099,0,6.447405947344435e+20,202853
mypool,15916784,0x96d80b152baaf6fca0ce1bb32b4e8eaed44d7017608a3545b63be711c66b906f,1667807675,99,0x96d80b152baaf6fca0ce1bb32b4e8eaed44d7017608a3545b63be711c66b906f,sender,recipient,332.777301,-0.21444769610742132,2011740541905020714001606966551539,0,6.447402286200158e+20,202853
mypool,15916784,0xa5bb7d016e1c3d2a7e9e493894cf4bbc4bf41e34f1b38115f312378c48579b07,1667807675,42,0xa5bb7d016e1c3d2a7e9e493894cf4bbc4bf41e34f1b38115f312378c48579b07,sender,recipient,-434156.026776,280.056,2011742148421631058219870510224081,0,6.447412583614547e+20,202853
mypool,15916784,0xc5d9ba938c298c38f599c588336fa1f394cfd3c7ba40d6681c8795bfd4e19f54,1667807675,235,0xc5d9ba938c298c38f599c588336fa1f394cfd3c7ba40d6681c8795bfd4e19f54,sender,recipient,-2210.570898,1.4259596554230416,2011744338048665762304571780679039,0,6.447426618650391e+20,202853
mypool,15916784,0xe3f1fd5a38bee784e03fcbcb0c31d3dd3d0735b2af110a9a7af7b127b90677fa,1667807675,442,0xe3f1fd5a38bee784e03fcbcb0c31d3dd3d0735b2af110a9a7af7b127b90677fa,sender,recipient,-4124.109384,2.660328787443818,2011751420289865074373878374330164,0,6.44747201438974e+20,202853
mypool,15916785,0x6892925cae205504e931bddb609d73e9c22bc0e26cd38086b41406cee53b1d8b,1667807687,44,0x6892925cae205504e931bddb609d73e9c22bc0e26cd38086b41406cee53b1d8b,sender,recipient,1007.707647,-0.6493912684847191,2011749690636620327524578999537317,0,6.447460927646136e+20,202853
mypool,15916785,0x8c28a58bb52c638bb6e67b1f6944819e51f6a145f9b5f750071e7f38ebb86204,1667807687,282,0x8c28a58bb52c638bb6e67b1f6944819e51f6a145f9b5f750071e7f38ebb86204,sender,recipient,1936.084482,-1.247656701952,2011746367503761000805933326530196,0,6.447439627032375e+20,202853
mypool,15916785,0xbc1bfd82791951d919b4a9c5baf2eeac480d7571fa559ebfd0e1af2bcb0f28cf,1667807687,351,0xbc1bfd82791951d919b4a9c5baf2eeac480d7571fa559ebfd0e1af2bcb0f28cf,sender,recipient,170.089652,-0.10960928810911932,2011744790984557173039099386096847,0,6.447429521873425e+20,202853
mypool,15916785,0xcc79bdf07055bd381fb0d3cad11cd59e71eff287df4783bc9442cf0940304049,1667807687,294,0xcc79bdf07055bd381fb0d3cad11cd59e71eff287df4783bc9442cf0940304049,sender,recipient,748.405614,-0.4822884281953254,2011745082928828728626927278334499,0,6.447431393174656e+20,202853
mypool,15916786,0x14a5adf8649507afef4379853b78464f71dc4f25e82b741978e0a4e1b6ee8ae7,1667807699,41,0x14a5adf8649507afef4379853b78464f71dc4f25e82b741978e0a4e1b6ee8ae7,sender,recipient,-118338.847786,76.33916495995547,2011884076046888138285710608367442,0,6.448322340599592e+20,202855
mypool,15916786,0xa0acc32ad0a3ea23e15164a06a84ba8aeb82044999b0fe4ff728a1bb35d114fb,1667807699,8,0xa0acc32ad0a3ea23e15164a06a84ba8aeb82044999b0fe4ff728a1bb35d114fb,sender,recipient,37254.783008,-24.006985822215206,2011680848392565018410403299361032,0,6.447019669882945e+20,202853
mypool,15916786,0xb283934e4f306e64fa443d0146eb9d2c3040d4e69e421ee849357bbdd74a5741,1667807699,149,0xb283934e4f306e64fa443d0146eb9d2c3040d4e69e421ee849357bbdd74a5741,sender,recipient,575.395417,-0.37070824203405084,2011504459638092497095758308930920,0,6.445889140738427e+20,202851
mypool,15916786,0xc17bbc0afe8cce43a5d66794e6b61a807cc7f5d31ce8f3582aaab8edd718fdda,1667807699,54,0xc17bbc0afe8cce43a5d66794e6b61a807cc7f5d31ce8f3582aaab8edd718fdda,sender,recipient,220604.063587,-142.1547268381606,2011505447019267462315493429592870,0,6.445895468888609e+20,202851
mypool,15916787,0x2f9c84e1738e586f35bf184053e81f99263e98058bb90e5004313c2cb3979e93,1667807711,248,0x2f9c84e1738e586f35bf184053e81f99263e98058bb90e5004313c2cb3979e93,sender,recipient,55.0,-0.03543460174811007,2011502643293923713019821438801901,0,6.445877499752188e+20,202851
mypool,15916787,0x9f20be62672bf210b6521fdfc6e169cb6020f9907b2255e1b11c4182edc56e60,1667807711,143,0x9f20be62672bf210b6521fdfc6e169cb6020f9907b2255e1b11c4182edc56e60,sender,recipient,1003.47427,-0.646504421205677,2011502737673963704846683470926949,0,6.4458781046355e+20,202851
mypool,15916788,0x894d4025b5e1c252dfc0d43b3fcea9024c983c2c353d2df5c381aad023d41a14,1667807723,32,0x894d4025b5e1c252dfc0d43b3fcea9024c983c2c353d2df5c381aad023d41a14,sender,recipient,21482.51443,-13.851196919587293,2012265582314680045642490037304524,0,6.45076811634438e+20,202858
mypool,15916788,0x96770ccb5c62f922f70aad2b1adfbef6bea257594f7790b450f38ad4dcf4fbfc,1667807723,153,0x96770ccb5c62f922f70aad2b1adfbef6bea257594f7790b450f38ad4dcf4fbfc,sender,recipient,-5785.735883,3.734129559049846,2012275523193541144057935632414008,0,6.450831851930147e+20,202859
mypool,15916788,0xe4dc2bfd2ae6c65e22aecabb6ae52b0526934d4eaaa4711529e40a5222987874,1667807723,2,0xe4dc2bfd2ae6c65e22aecabb6ae52b0526934d4eaaa4711529e40a5222987874,sender,recipient,-465683.978689,300.44376785247414,2012302474969167831501580593435752,0,6.451004653850159e+20,202859
mypool,15916789,0xc4d1f332df47aa49d922822b346fc67d7d0a1b51b79e3bc8b50510ea769e9112,1667807735,172,0xc4d1f332df47aa49d922822b346fc67d7d0a1b51b79e3bc8b50510ea769e9112,sender,recipient,-100.0,0.06453986873530934,2012264383606017236052771710919234,0,6.450760430888358e+20,202858
mypool,15916789,0xcf0701e5915fa68158e7ce88f4cd6fd2b56696f0679eb63c45088b11bc0f105a,1667807735,208,0xcf0701e5915fa68158e7ce88f4cd6fd2b56696f0679eb63c45088b11bc0f105a,sender,recipient,1368.779856,-0.882524578816,2012262033002343614499840364793951,0,6.450745360132811e+20,202858
mypool,15916789,0xf374f236376e0f00a69db11d9e57de849a57d8e9668f29c5bd67127bad9ee5da,1667807735,74,0xf374f236376e0f00a69db11d9e57de849a57d8e9668f29c5bd67127bad9ee5da,sender,recipient,6586.698948,-4.24682038,2012264211790067450916030233987939,0,6.450759329300026e+20,202858
mypool,15916790,0xe7153456d17fea842040d4e58e7b7cd8fd0d2caba070ac1336bc5ed601fa46cc,1667807747,35,0xe7153456d17fea842040d4e58e7b7cd8fd0d2caba070ac1336bc5ed601fa46cc,sender,recipient,99.038166,-0.06385504949195617,2012261862924458513044142526526395,0,6.450744269689257e+20,202858
mypool,15916791,0x0675f2e56dce970df94af4be221d3235b82ce3ad297d8fc953b2e82394edf19e,1667807759,97,0x0675f2e56dce970df94af4be221d3235b82ce3ad297d8fc953b2e82394edf19e,sender,recipient,1056.482749,-0.6813693824433507,2012556524528199548091370022469427,0,6.452633612081348e+20,202861
mypool,15916791,0x491577ba8a3f0ea2197e6d253dd7532439f12cdb7900c4b036404cdbc3d0b60b,1667807759,9,0x491577ba8a3f0ea2197e6d253dd7532439f12cdb7900c4b036404cdbc3d0b60b,sender,recipient,-154104.801086,99.471984102,2012530132142118125135304005917929,0,6.452464375313278e+20,202861
mypool,15916791,0x6b364d74f00b6c334438e1a9ce1fc12488697782c8092b7e4dd53c381a2c2f73,1667807759,122,0x6b364d74f00b6c334438e1a9ce1fc12488697782c8092b7e4dd53c381a2c2f73,sender,recipient,1214.801712,-0.7834742717365835,2012554391075811380078861823361104,0,6.452619931591757e+20,202861
mypool,15916791,0x8f2296639a96989cdb45d54d74c870ab1de2078c0f8b157487a6b68adb509a9b,1667807759,161,0x8f2296639a96989cdb45d54d74c870ab1de2078c0f8b157487a6b68adb509a9b,sender,recipient,131.46634,-0.08478743698926852,2012549766425700172143510824008220,0,6.452590276666323e+20,202861
mypool,15916791,0xbd836754adeff0168e5a4fbbdd3ec19931ad92905cab8ffd6afd54e0d5694854,1667807759,411,0xbd836754adeff0168e5a4fbbdd3ec19931ad92905cab8ffd6afd54e0d5694854,sender,recipient,8753.055747,-5.645121127938582,2012534394386583682148611993777656,0,6.452491706093828e+20,202861
mypool,15916791,0xd3517df969d7378c9e5bb71f5aa3cd6f432e40e7eea8299f8a6b609e869a9a1f,1667807759,152,0xd3517df969d7378c9e5bb71f5aa3cd6f432e40e7eea8299f8a6b609e869a9a1f,sender,recipient,2501.848457,-1.6135370243437805,2012549997307512704997061201649052,0,6.45259175716221e+20,202861
mypool,15916791,0xfddac53b6e1952b7099081270f3c94ea67aefe1194c957b4235d1c1a440ccbb9,1667807759,28,0xfddac53b6e1952b7099081270f3c94ea67aefe1194c957b4235d1c1a440ccbb9,sender,recipient,-16076.618425,10.378715724549131,2012558379942204370801252803622297,0,6.452645509697286e+20,202861
mypool,15916792,0x36094fec3acba819d736a623219fde1d285ab0bcc698080327d50f7e819e4445,1667807771,12,0x36094fec3acba819d736a623219fde1d285ab0bcc698080327d50f7e819e4445,sender,recipient,-354544.566785,228.95469997075523,2013156663396948015738009660955993,0,6.456482501362347e+20,202867
mypool,15916792,0x43781ecb99db1fee615b55856c2140f4577a9bdf2b90128206658017ca927aef,1667807771,6,0x43781ecb99db1fee615b55856c2140f4577a9bdf2b90128206658017ca927aef,sender,recipient,500.0,-0.32246313231815127,2012533516298094298287084817186026,0,6.452486075524258e+20,202861
mypool,15916792,0xbf5a6a21ab88aa824bf79fa21de59f0e8690c328840399b8bb667a315fdfc9d1,1667807771,59,0xbf5a6a21ab88aa824bf79fa21de59f0e8690c328840399b8bb667a315fdfc9d1,sender,recipient,1130.777694,-0.7297188767408197,2013154676324064533216522726990057,0,6.456469755712491e+20,202867
mypool,15916793,0x06645adf676ca9f246c9086b2f638beebe6ba297fdfe05bea7dc93d130b5f222,1667807783,260,0x06645adf676ca9f246c9086b2f638beebe6ba297fdfe05bea7dc93d130b5f222,sender,recipient,299.416076,-0.1933504146499096,2013831478681498548382596979093186,0,6.460811685854704e+20,202874
mypool,15916793,0x2709b7d8d62ecdc096c904c90767f7c469bbb49d190f00ae92c47cdb6d69159e,1667807783,335,0x2709b7d8d62ecdc096c904c90767f7c469bbb49d190f00ae92c47cdb6d69159e,sender,recipient,465.542993,-0.30062769,2013829452640864581375912304265039,0,6.460798685898593e+20,202874
mypool,15916793,0x41ebf930ea41c5a9e67cbf728ec895854a3fa8f44feee0da211bfaf5ea407fa9,1667807783,78,0x41ebf930ea41c5a9e67cbf728ec895854a3fa8f44feee0da211bfaf5ea407fa9,sender,recipient,5386.751018,-3.478572701859052,2013836659453254302421482364868368,0,6.460844927994486e+20,202874
mypool,15916793,0xb072fab87c8ca2d4cde081dfae6fe9a440d9f9012a814e3d229dc811a3e5089f,1667807783,319,0xb072fab87c8ca2d4cde081dfae6fe9a440d9f9012a814e3d229dc811a3e5089f,sender,recipient,673.472645,-0.43490017491231225,2013830280731742835526342527944820,0,6.460803999287521e+20,202874
mypool,15916793,0xcdd11501761548f82fc8e231dcb5c03460b881b9e5090ee5c88b53e5e0527940,1667807783,88,0xcdd11501761548f82fc8e231dcb5c03460b881b9e5090ee5c88b53e5e0527940,sender,recipient,2613.14097,-1.6874618080776203,2013832011272873209338798345680407,0,6.460815103194307e+20,202874
mypool,15916793,0xee59e65853fb9045f04d6e8982a3b16bedf078dd5b99c27853e1d8def3aae825,1667807783,2,0xee59e65853fb9045f04d6e8982a3b16bedf078dd5b99c27853e1d8def3aae825,sender,recipient,-390176.529355,252.12868135784856,2013846241319528009196455091479812,0,6.460906409742871e+20,202874
mypool,15916794,0xae9b299ffb5cc1a34e37c5078d5b1bfab65e64d93c36166dbd7731b0d14265be,1667807795,2,0xae9b299ffb5cc1a34e37c5078d5b1bfab65e64d93c36166dbd7731b0d14265be,sender,recipient,332384.0,-214.57628154265095,2013239993865384551168617692712729,0,6.457017017981171e+20,202868
mypool,15916794,0xcbebdb78842606a84b8dd56edc181fac316e6c7477c996e0e583a5f011f695ac,1667807795,13,0xcbebdb78842606a84b8dd56edc181fac316e6c7477c996e0e583a5f011f695ac,sender,recipient,22993.130551,-14.838982336550467,2013199586332621891972672215317748,0,6.456757824333987e+20,202868
mypool,15916795,0x069f6058853425db5ea3369bceceb6b734696a7b283cfe94e6d3cdce10244710,1667807807,3,0x069f6058853425db5ea3369bceceb6b734696a7b283cfe94e6d3cdce10244710,sender,recipient,-30958.973616,20.0,2013254020428006988947478263042258,0,6.457106992419727e+20,202868
mypool,15916795,0x5d7fb4027c5a5ba9c8a82222afda5d216ceaa1f41f79b0b89293fa2594d31304,1667807807,82,0x5d7fb4027c5a5ba9c8a82222afda5d216ceaa1f41f79b0b89293fa2594d31304,sender,recipient,35190.9402,-22.689864639712997,2012251132371546974605317595407325,0,6.450675471617377e+20,202858
mypool,15916795,0x5fc276881bd3e786a5e443280014530dd397caa4fc0851c4d495cf4742c92470,1667807807,186,0x5fc276881bd3e786a5e443280014530dd397caa4fc0851c4d495cf4742c92470,sender,recipient,21934.382679,-14.141819132172568,2012213465644974470748329812339049,0,6.450433977351385e+20,202858
