pool,block_number,block_hash,block_time,log_index,tx_hash,sender,recipient,amount0,amount1,sqrt_price_x96,liquidity,price,tick
mypool,35345832,0xd53cbb6f254251fae5d4fd0969f3d82b2f7994dce27ff301f372b0b04eb794dd,1667892296,240,0xd53cbb6f254251fae5d4fd0969f3d82b2f7994dce27ff301f372b0b04eb794dd,sender,recipient,30.908203,-0.020865169651211064,2059027517943570496164572048196236,0,6.754063417115692e+20,203318
mypool,35345839,0x3f95c6652ba42461eb6fb662a352936cb8f8075b11e0e68bc31b37a719a93388,1667892310,3,0x3f95c6652ba42461eb6fb662a352936cb8f8075b11e0e68bc31b37a719a93388,sender,recipient,-2829.20111,1.9119147920426913,2059133615424412447450452845940344,0,6.754759481223572e+20,203319
mypool,35345840,0xd4014f99bf2e4a7455febe6118e22ec1896d98919e1784b79b052485fc0db0ae,1667892312,245,0xd4014f99bf2e4a7455febe6118e22ec1896d98919e1784b79b052485fc0db0ae,sender,recipient,-4.440169,0.003000728241400527,2059133781943292760678609323033176,0,6.754760573717059e+20,203319
mypool,35345842,0x08e5a4c1311bc0060e9d90aee2f76681d10a353c0a49cb2cabc8ec821ac3c877,1667892316,322,0x08e5a4c1311bc0060e9d90aee2f76681d10a353c0a49cb2cabc8ec821ac3c877,sender,recipient,-30.178095,0.02039312941115632,2059051098942951363362542020703069,0,6.754218119737075e+20,203318
mypool,35345842,0x2815f0e8f6177ba0f9098bf0e9e9b933c106442c757df2403df518906e55aec0,1667892316,8,0x2815f0e8f6177ba0f9098bf0e9e9b933c106442c757df2403df518906e55aec0,sender,recipient,1505.628672,-1.0164797508672403,2059077346394911223072382260909754,0,6.754390317644789e+20,203318
mypool,35345842,0x9a583769495f331b35322a11e5a3e5ea30372b6b01748bb8590c04da2d1a2756,1667892316,31,0x9a583769495f331b35322a11e5a3e5ea30372b6b01748bb8590c04da2d1a2756,sender,recipient,735.0,-0.49619282572497736,2059049797479943775576159713513574,0,6.754209581471798e+20,203318
mypool,35345842,0xfc9baabaa09e85a77c400fbbc26be7b4b3c471984ed29a7e3ba0b67b751f5e73,1667892316,268,0xfc9baabaa09e85a77c400fbbc26be7b4b3c471984ed29a7e3ba0b67b751f5e73,sender,recipient,-4.527757,0.003059672161706147,2059049967269899207356446396968677,0,6.754210695380742e+20,203318
mypool,35345843,0xa71e7a84918b6aa9a9a60963c2940811e31e66b6c16b5f6b5c7dc585306d960a,1667892318,59,0xa71e7a84918b6aa9a9a60963c2940811e31e66b6c16b5f6b5c7dc585306d960a,sender,recipient,1874.24602,-1.2652305229717464,2058980852560921914706104553356177,0,6.753757275134152e+20,203317
mypool,35345845,0xe2550afc46d3fbaa0ca9d1856354ff8cb6ef0a6e01f70c75f913056ae9577925,1667892322,45,0xe2550afc46d3fbaa0ca9d1856354ff8cb6ef0a6e01f70c75f913056ae9577925,sender,recipient,1154.472703,-0.7792544279534004,2058881857295580134939558440807563,0,6.753107852950496e+20,203317
mypool,35345845,0xe55b339f742086a25a494e0e616ff41b7528c95d18995cc5c40642b68d8b0b3c,1667892322,39,0xe55b339f742086a25a494e0e616ff41b7528c95d18995cc5c40642b68d8b0b3c,sender,recipient,1487.040331,-1.0037816191927544,2058925121983911856776953649876739,0,6.753391671252442e+20,203317
mypool,35345846,0x5e09cb5e84150eceae0ce83b84e6daefd38d71b9e9e3f678c2034fb6c36a627d,1667892324,37,0x5e09cb5e84150eceae0ce83b84e6daefd38d71b9e9e3f678c2034fb6c36a627d,sender,recipient,3683.085468,-2.485817081608104,2058743843192063386783354785868747,0,6.752202514079744e+20,203315
mypool,35345848,0xee33f807adc6309cea8ce6535764a9411c24f89a45421b82709448e8b15433a9,1667892328,72,0xee33f807adc6309cea8ce6535764a9411c24f89a45421b82709448e8b15433a9,sender,recipient,947.434463,-0.6393960467850616,2058708343527650385853542251561145,0,6.751969654749075e+20,203315
mypool,35345849,0x8ab951e44692ab24b0eb10c6f69935a80ef4b4048e15f19682f5e11379e69e81,1667892330,152,0x8ab951e44692ab24b0eb10c6f69935a80ef4b4048e15f19682f5e11379e69e81,sender,recipient,300.0,-0.20245670468056048,2058697103006051199377957580586756,0,6.75189592361199e+20,203315
mypool,35345850,0xe729fff8ee58fe4ffbe89a811d2aae4d3e757ae022c54453f34307565726aa28,1667892332,198,0xe729fff8ee58fe4ffbe89a811d2aae4d3e757ae022c54453f34307565726aa28,sender,recipient,2026.761575,-1.3676875104227468,2058601497531196750258232724786632,0,6.751268824825932e+20,203314
mypool,35345850,0xfd928ff48eef47dabb898525be4014028771af50b1609ee1dcbbe01c69c6d5b3,1667892332,21,0xfd928ff48eef47dabb898525be4014028771af50b1609ee1dcbbe01c69c6d5b3,sender,recipient,525.0,-0.35429391345110883,2058677432388607874566158534881249,0,6.751766897028113e+20,203315
mypool,35345856,0x44e48b51c44db19921781e7074c13bf1dd615233cda122935cc99700d5553a2c,1667892348,521,0x44e48b51c44db19921781e7074c13bf1dd615233cda122935cc99700d5553a2c,sender,recipient,34.820865,-0.02349673250855927,2058600192978059379513426880714100,0,6.751260268156614e+20,203314
mypool,35345861,0xaa9fedc091f4bb974e66399f015a4dd5fd461f446f507bc6786fb40b1843ec23,1667892358,57,0xaa9fedc091f4bb974e66399f015a4dd5fd461f446f507bc6786fb40b1843ec23,sender,recipient,1217.187994,-0.8213262228330815,2058554592437626302165982271775407,0,6.75096117393897e+20,203313
mypool,35345864,0x742736d87350b4b977fad47c0fd66aba5c2d6b0f91db33f26ce7eccc9dfe699b,1667892364,3,0x742736d87350b4b977fad47c0fd66aba5c2d6b0f91db33f26ce7eccc9dfe699b,sender,recipient,600.0,-0.4048507209474912,2058532114874927468785882448062503,0,6.750813745908486e+20,203313
mypool,35345864,0x8e7a17d791dc69f8220a755a37b03f839320300faba0df8139d3f8700c376b48,1667892364,309,0x8e7a17d791dc69f8220a755a37b03f839320300faba0df8139d3f8700c376b48,sender,recipient,239.200001,-0.16139802249105598,2058523153956785789206541996376213,0,6.750754972613415e+20,203313
mypool,35345868,0x0d892e170ea4ce3dd5b382e80fa540b64503ef69c42ccb07653e538d5ddde850,1667892372,145,0x0d892e170ea4ce3dd5b382e80fa540b64503ef69c42ccb07653e538d5ddde850,sender,recipient,59.679181,-0.0402677648034037,2058520918265551271740753357103684,0,6.750740309095548e+20,203313
mypool,35345871,0xda26d6b0103c374a072e93122e9581c6c5c793c591d63040c4dfc928cf32c61c,1667892378,6,0xda26d6b0103c374a072e93122e9581c6c5c793c591d63040c4dfc928cf32c61c,sender,recipient,-4355.146986,2.9417506600308974,2058684164419733860536237534457764,0,6.751811054678563e+20,203315
mypool,35345873,0xfed4ead1e6d1af9dea390e0f1ebfc70e0dde538cef2f49cc96eb4f455e40c2dd,1667892382,228,0xfed4ead1e6d1af9dea390e0f1ebfc70e0dde538cef2f49cc96eb4f455e40c2dd,sender,recipient,-4.832873,0.003264697191992072,2058684345587240455769602258228466,0,6.751812243019007e+20,203315
mypool,35345881,0x0eaf23830754377889236166e835f176955a9621641e9863ea33e031f221e9b6,1667892398,113,0x0eaf23830754377889236166e835f176955a9621641e9863ea33e031f221e9b6,sender,recipient,41.591673,-0.028067854381849555,2058682787241501746660761082887159,0,6.751802021292807e+20,203315
mypool,35345881,0x1a9831ccfdcdb861e76ad6f25056853b5ace00559ef0867191e7bc1ff77e1d3d,1667892398,226,0x1a9831ccfdcdb861e76ad6f25056853b5ace00559ef0867191e7bc1ff77e1d3d,sender,recipient,5.405509,-0.003649211317379028,2059061802776980898501909670120616,0,6.754288342586525e+20,203318
mypool,35345881,0xada34c1c279ef6497aab522b683316ca6c5a80a0b5edfb505e268f2f5dfc18f2,1667892398,184,0xada34c1c279ef6497aab522b683316ca6c5a80a0b5edfb505e268f2f5dfc18f2,sender,recipient,-10114.276273,6.833633839241458,2059062005383593741842835564595210,0,6.754289671797285e+20,203318
mypool,35345889,0x05cbd57c3d3258af75014f8502fa52d44bff96b54fc1161c546464491c182881,1667892414,246,0x05cbd57c3d3258af75014f8502fa52d44bff96b54fc1161c546464491c182881,sender,recipient,-2.967352,0.002005238478700294,2059061914053474230271034108801919,0,6.754289072621477e+20,203318
mypool,35345891,0xaa997aa98e97fc8e063fb8cbc92b03d7aaea782afd59927c9d3b3f7ec50e27a6,1667892418,220,0xaa997aa98e97fc8e063fb8cbc92b03d7aaea782afd59927c9d3b3f7ec50e27a6,sender,recipient,308.148788,-0.20802736555772558,2059050364237295142567772619173231,0,6.754213299690235e+20,203318
mypool,35345891,0xc302f51d7feac1259f1d0f200fb6025f9fe7c6120241db326eb246a2b5d7812b,1667892418,277,0xc302f51d7feac1259f1d0f200fb6025f9fe7c6120241db326eb246a2b5d7812b,sender,recipient,-2001.519025,1.3525942196653864,2059125423609666023862580575185594,0,6.754705736650762e+20,203319
mypool,35345893,0x2aab53bc22efc936efb442fe8f1e4f84506d8169a31153cd67e892d2a79eee18,1667892422,234,0x2aab53bc22efc936efb442fe8f1e4f84506d8169a31153cd67e892d2a79eee18,sender,recipient,252.48,-0.17045675560006565,2059115959738466260343050056489497,0,6.754643646680479e+20,203319
mypool,35345901,0xafe4e7981df425ba9d613e3812bfe2aca15d3fe788a528573f3196a072dbaea5,1667892438,301,0xafe4e7981df425ba9d613e3812bfe2aca15d3fe788a528573f3196a072dbaea5,sender,recipient,3700.0,-2.4978003043741577,2058977280222479285634801673678677,0,6.753733839573023e+20,203317
mypool,35345902,0xf6c993485e94a370f09732cf0f60d8f927062341009fdf37df06868a9edbb70a,1667892440,39,0xf6c993485e94a370f09732cf0f60d8f927062341009fdf37df06868a9edbb70a,sender,recipient,72.411114,-0.0488800221027811,2058974566371498174176012858180024,0,6.75371603596217e+20,203317
mypool,35345904,0x23be419d76694518b8f0219b84f497522080694a982e3922f624cc1579095a04,1667892444,20,0x23be419d76694518b8f0219b84f497522080694a982e3922f624cc1579095a04,sender,recipient,-2252.010519,1.5217672200056211,2059059013643834189309087577153196,0,6.754270044353112e+20,203318
mypool,35345905,0x6ed26f2c1cbc31f3e162e926ad2d00e6292209f969f4d8b7444f1bee8e180e69,1667892446,24,0x6ed26f2c1cbc31f3e162e926ad2d00e6292209f969f4d8b7444f1bee8e180e69,sender,recipient,-215.275269,0.1454760386059466,2059067086530731093057804770587721,0,6.754323006958524e+20,203318
mypool,35345911,0x990cf7905673e9301790a0f3fc68887ad64041297ed73fcdcf054e31f424c124,1667892458,173,0x990cf7905673e9301790a0f3fc68887ad64041297ed73fcdcf054e31f424c124,sender,recipient,525.0,-0.35442126978800914,2059047408828689173726099179196499,0,6.75419391070769e+20,203318
mypool,35345920,0x5c5017c82bdd0b0f35dc7e0d399794fbd7a399de91ad7080d93ab49a99136df1,1667892480,413,0x5c5017c82bdd0b0f35dc7e0d399794fbd7a399de91ad7080d93ab49a99136df1,sender,recipient,47.282984,-0.03191984852278029,2059045636617701864296102732056881,0,6.754182284116231e+20,203318
mypool,35345926,0x666aa7673f5b82cfbfe778318c18d6b55246992462dfa0895951b4b855612d4d,1667892492,94,0x666aa7673f5b82cfbfe778318c18d6b55246992462dfa0895951b4b855612d4d,sender,recipient,83.52,-0.05638263925212869,2059042506216481294124882588922376,0,6.754161747141219e+20,203318
mypool,35345930,0x4b6bdb9607fd422d764c67470750197eb15993a64a1d3611a365d77a582ee927,1667892500,187,0x4b6bdb9607fd422d764c67470750197eb15993a64a1d3611a365d77a582ee927,sender,recipient,-140.308739,0.09481443466431459,2059047612952779802502049525387478,0,6.754195249864576e+20,203318
mypool,35345932,0xfdd606700ef2bbf581397c7af5fb34f8420f48f9495c0e3f084b7fd9cc145cc4,1667892504,163,0xfdd606700ef2bbf581397c7af5fb34f8420f48f9495c0e3f084b7fd9cc145cc4,sender,recipient,100.0,-0.06750806225222694,2059043975127670871242723662718254,0,6.754171383918776e+20,203318
mypool,35345934,0x9927c75817fa1d2256f1e9e9407543e5600e16de319d36c9f728f085915bcb07,1667892508,68,0x9927c75817fa1d2256f1e9e9407543e5600e16de319d36c9f728f085915bcb07,sender,recipient,1793.26609,-1.2105586947338225,2058978741425671189277942419343296,0,6.753743425478648e+20,203317
mypool,35345935,0xf87c77ccb76b50d1eb43341c6e5deb756f680462793468978a7865f00285e016,1667892510,6,0xf87c77ccb76b50d1eb43341c6e5deb756f680462793468978a7865f00285e016,sender,recipient,109.727288,-0.07406979766685433,2058974750006560991783680646800210,0,6.753717240658084e+20,203317
mypool,35345938,0x16237b9d7da9929690881d8fbcdf57544ac8b42759c5c58243d7d852e7d59c26,1667892516,51,0x16237b9d7da9929690881d8fbcdf57544ac8b42759c5c58243d7d852e7d59c26,sender,recipient,2752.091972,-1.8571593,2058594155084216594432995418409469,0,6.75122066519421e+20,203314
mypool,35345938,0x56f81918d51cdf62eeefcdd292b7c0a1a56185fc53ccbdb2db1eb020a97e6149,1667892516,8,0x56f81918d51cdf62eeefcdd292b7c0a1a56185fc53ccbdb2db1eb020a97e6149,sender,recipient,5712.346472,-3.8556391966697188,2058766980140078681938076446543793,0,6.752354282583567e+20,203315
mypool,35345938,0x6e69b033c11ce6d31a23110b048b258a7ffeeaccee4fabfacf788fdc0c419e97,1667892516,73,0x6e69b033c11ce6d31a23110b048b258a7ffeeaccee4fabfacf788fdc0c419e97,sender,recipient,-119.737451,0.08087867480360876,2058607028634108815412561785936043,0,6.751305103836579e+20,203314
mypool,35345938,0x9030f4fab0e12c28551272963e8d182cf8b980fb31d934ecfe49913d1002a2c3,1667892516,62,0x9030f4fab0e12c28551272963e8d182cf8b980fb31d934ecfe49913d1002a2c3,sender,recipient,-234.119007,0.15813863171176853,2058602672482370347104725752396530,0,6.751276531430152e+20,203314
mypool,35345938,0xb1d91f3e4d7d899ba1e699e51e7361f835dfd18d7e0809aeaac5157ee34995fe,1667892516,13,0xb1d91f3e4d7d899ba1e699e51e7361f835dfd18d7e0809aeaac5157ee34995fe,sender,recipient,2000.373515,-1.35,2058694232326955143568198970242152,0,6.751877093728813e+20,203315
mypool,35345939,0x9d07a86978e127730f20641d4e8ae447feb3e28bf00609ab3a145ac280b0bee1,1667892518,77,0x9d07a86978e127730f20641d4e8ae447feb3e28bf00609ab3a145ac280b0bee1,sender,recipient,80.285,-0.0541717322613905,2058529209274901086818516512680523,0,6.750794688493143e+20,203313
mypool,35345939,0xadcaf85ff2e1e255f17a40c2cd05f42fdb5c702e47926cfd8025907ca70bfe31,1667892518,4,0xadcaf85ff2e1e255f17a40c2cd05f42fdb5c702e47926cfd8025907ca70bfe31,sender,recipient,2059.880509,-1.3899422612689734,2058532128441608590515203369333907,0,6.750813834890472e+20,203313
mypool,35345940,0xbe2ae3d5d39331ccc87b813350ed69aacbcbe9fc60d44147be7307099292ee82,1667892520,22,0xbe2ae3d5d39331ccc87b813350ed69aacbcbe9fc60d44147be7307099292ee82,sender,recipient,5449.854625,-3.67689148,2058331071634706590211364230267630,0,6.749495195485931e+20,203311
mypool,35345941,0x1bd376f0988420578dba33d24398b12da22793bcfc6e86bfad79dc668038d572,1667892522,115,0x1bd376f0988420578dba33d24398b12da22793bcfc6e86bfad79dc668038d572,sender,recipient,2904.64804,-1.959410034524091,2058225484379133298031472657422481,0,6.748802748672918e+20,203310
mypool,35345943,0xd880aea5f26f19dd325ef01dfb0104e7d8045fec4bc24a9ec742131188c6d15b,1667892526,165,0xd880aea5f26f19dd325ef01dfb0104e7d8045fec4bc24a9ec742131188c6d15b,sender,recipient,-587.696824,0.3968275272218214,2058246857638855677730422103190040,0,6.748942912774465e+20,203310
mypool,35345952,0xf3c8e19d25f95c5e653ecf2487eed36ca2d5606059c67dc76b25cdeee98c4d95,1667892544,13,0xf3c8e19d25f95c5e653ecf2487eed36ca2d5606059c67dc76b25cdeee98c4d95,sender,recipient,-31.075808,0.020983388826592127,2058247987811004737685535780207379,0,6.748950324392155e+20,203310
mypool,35345960,0x3d356d37598609a72142e0de7cbd939d217e57a2a9102dea20bdd5c9bf198c6f,1667892560,154,0x3d356d37598609a72142e0de7cbd939d217e57a2a9102dea20bdd5c9bf198c6f,sender,recipient,5.0,-0.003372787617758758,2058247800551617532653978523810134,0,6.748949096353307e+20,203310
mypool,35345961,0x3f7e3b435842c0a7c3c9bfc85bbf2df8be5034632c9dc2509db867fb36d52057,1667892562,64,0x3f7e3b435842c0a7c3c9bfc85bbf2df8be5034632c9dc2509db867fb36d52057,sender,recipient,2751.498545,-1.85595096,2058144801193876624701856458963825,0,6.748273648014148e+20,203309
mypool,35345961,0xf56ed46fd458ba52031fbcea24f8f0fd1b30385e383b8ae121854be2415722eb,1667892562,98,0xf56ed46fd458ba52031fbcea24f8f0fd1b30385e383b8ae121854be2415722eb,sender,recipient,555.379891,-0.37459437964822473,2058124059025232500240640893584355,0,6.748137629280532e+20,203309
mypool,35345962,0x9bd7033769c4e714f73f1fa2017b9159b63b26d21fe85d9779e6e279c9ab8c2d,1667892564,7,0x9bd7033769c4e714f73f1fa2017b9159b63b26d21fe85d9779e6e279c9ab8c2d,sender,recipient,4272.090966,-2.881200988780039,2057964520174534805482837077086242,0,6.747091483990909e+20,203308
mypool,35345963,0x77a2f97c06e9fc971ae24d68ae623fe0728d0aba15d6e68f45ae297f503f9469,1667892566,158,0x77a2f97c06e9fc971ae24d68ae623fe0728d0aba15d6e68f45ae297f503f9469,sender,recipient,2437.505733,-1.643468476415928,2057720800441293149456495019872365,0,6.745493495347851e+20,203305
mypool,35345963,0x7ebaeb2aac75f2c3b2fce37b231ea291602f538eeaa44398fb268218ec000062,1667892566,45,0x7ebaeb2aac75f2c3b2fce37b231ea291602f538eeaa44398fb268218ec000062,sender,recipient,4090.038576,-2.75800197,2057811803142217637330961461007761,0,6.746090147431021e+20,203306
mypool,35345964,0x249f44e8b4d3f7dc967dea0f026bd8efc7b0d6f4589cb55d0b616861f990c1cc,1667892568,3,0x249f44e8b4d3f7dc967dea0f026bd8efc7b0d6f4589cb55d0b616861f990c1cc,sender,recipient,2000.926745,-1.349,2057646103149979807922920913654496,0,6.745003768124337e+20,203304
mypool,35345966,0x5d1f7077cc940c53ba26bd078ee8a11bf85c7717c2af86d37f30ee0e907c4fbd,1667892572,60,0x5d1f7077cc940c53ba26bd078ee8a11bf85c7717c2af86d37f30ee0e907c4fbd,sender,recipient,-564.041291,0.3806169303218282,2057604059932377534374531624143313,0,6.744728133977579e+20,203304
mypool,35345966,0x953041b2c7a0f32bd3efa2526f240410c124f5d7907829530c550cf0d5875303,1667892572,70,0x953041b2c7a0f32bd3efa2526f240410c124f5d7907829530c550cf0d5875303,sender,recipient,-228.99619,0.15452961160129966,2057612612320770872138057329238262,0,6.744784202737952e+20,203304
mypool,35345966,0x9ee20970e16b98c60530ef40feb9a32cb09b7ca40deddd804dc4dcf1de962dd7,1667892572,49,0x9ee20970e16b98c60530ef40feb9a32cb09b7ca40deddd804dc4dcf1de962dd7,sender,recipient,1690.604876,-1.139708512113604,2057582994818814763509346578991702,0,6.744590033806043e+20,203304
mypool,35345968,0xf7e1fa2ba546c43f479685c3c84be0922be56a53023ef096b699db1f2f035f85,1667892576,179,0xf7e1fa2ba546c43f479685c3c84be0922be56a53023ef096b699db1f2f035f85,sender,recipient,-200.163497,0.13507398677625668,2057620087944276143410398749995618,0,6.744833212506474e+20,203304
mypool,35345969,0x4bcf98b104591d651e7f6a2e116e9a79a2f084e6d7582e37d30f68e61a0e4839,1667892578,4,0x4bcf98b104591d651e7f6a2e116e9a79a2f084e6d7582e37d30f68e61a0e4839,sender,recipient,4922.448197,-3.318152834543562,2057436354045903948912728437327398,0,6.743628714962892e+20,203302
mypool,35345971,0xc28e7310e18043b3a530465df0960a81cd30f51c2a1d8173275be4141b698a42,1667892582,67,0xc28e7310e18043b3a530465df0960a81cd30f51c2a1d8173275be4141b698a42,sender,recipient,1214.554197,-0.8185322014916039,2057277308987342117516633054672727,0,6.742586155987286e+20,203301
mypool,35345971,0xdf449bda4c7d2a676e1e0031e4556cf1be8c00bb02ec11995147a97af5219235,1667892582,16,0xdf449bda4c7d2a676e1e0031e4556cf1be8c00bb02ec11995147a97af5219235,sender,recipient,3047.160775,-2.05375112,2057322633033527565335619216980514,0,6.742883252204088e+20,203301
mypool,35345981,0x22a900aab08661a323414a8ae303c4ba3effdbb4eb42c9a49424aceb4e761c6e,1667892602,131,0x22a900aab08661a323414a8ae303c4ba3effdbb4eb42c9a49424aceb4e761c6e,sender,recipient,-166.789746,0.11251602226805915,2057283536148032798946860482398133,0,6.742626974238502e+20,203301
mypool,35345983,0xb1df40c0791801353c7569f0e24c2f7ac0c23e26eb37dcb71ca5b9ad2df807be,1667892606,62,0xb1df40c0791801353c7569f0e24c2f7ac0c23e26eb37dcb71ca5b9ad2df807be,sender,recipient,-217.01083,0.14639608245817137,2057291638389043251682418479885774,0,6.742680083589163e+20,203301
mypool,35345990,0xd405f6be330ab96b485ead21cba189e1227e16c4d85306ce533979663c0b2fdb,1667892624,22,0xd405f6be330ab96b485ead21cba189e1227e16c4d85306ce533979663c0b2fdb,sender,recipient,-1139.552156,0.7687638357154215,2057334185360058450255696244271752,0,6.742958978010571e+20,203301
mypool,35345994,0x6f7ae841cc1c27fe935b1c6526c69a3288c0e326634615e39df3d629b420bf73,1667892632,26,0x6f7ae841cc1c27fe935b1c6526c69a3288c0e326634615e39df3d629b420bf73,sender,recipient,-2301.014819,1.5524058522524224,2057420102729907334112557448190156,0,6.743522181987358e+20,203302
mypool,35345998,0x00fc63dfb532b890f068a1e021cfc896ee6446c61f17d12663c9597edb3baadf,1667892640,60,0x00fc63dfb532b890f068a1e021cfc896ee6446c61f17d12663c9597edb3baadf,sender,recipient,-1352.637117,0.9126325501866984,2057470612065617935988001229952501,0,6.74385329084187e+20,203303
mypool,35345999,0xf4f59bba442acd56cdc485f13f9ad51ce12fc2c99855f77a2c54256343d37a30,1667892642,29,0xf4f59bba442acd56cdc485f13f9ad51ce12fc2c99855f77a2c54256343d37a30,sender,recipient,-512.22546,0.34561335413600536,2057489739918253206873884601010000,0,6.743978683672083e+20,203303
mypool,35346000,0x78300e1a3ca0d8afd004006bbbcc2e50415b3539af2f3d12214dab7792c24ed1,1667892644,5,0x78300e1a3ca0d8afd004006bbbcc2e50415b3539af2f3d12214dab7792c24ed1,sender,recipient,-2165.278876,1.461047371865453,2057570601084315657849727351277292,0,6.744508782739484e+20,203304
mypool,35346001,0xda3dfa645202e7e85e77beb88b1b5ab0bd20efcd85e2d07e05154a6dabcca325,1667892646,61,0xda3dfa645202e7e85e77beb88b1b5ab0bd20efcd85e2d07e05154a6dabcca325,sender,recipient,-2963.733211,2.0,2057681290398871158016973191402954,0,6.745234459063197e+20,203305
mypool,35346003,0x65739973747e955fd8eb40a284ac5607ec6b7538575b0083bc8eae1bba88a097,1667892650,23,0x65739973747e955fd8eb40a284ac5607ec6b7538575b0083bc8eae1bba88a097,sender,recipient,-3199.83766,2.1595706791923086,2057800811097978134312943468124795,0,6.746018077552539e+20,203306
mypool,35346007,0x08547aad1cc103e172bb8a032fff5589e1338206ff39fd6a32d06edcbe4e04d6,1667892658,49,0x08547aad1cc103e172bb8a032fff5589e1338206ff39fd6a32d06edcbe4e04d6,sender,recipient,-1410.050274,0.9517226738218219,2057853483863184266973918042621466,0,6.746363432624811e+20,203307
mypool,35346012,0x2a80616b0422be3a5376ed94708b3e07eddcfcf403db0759dfbaf52cd5dd4a66,1667892668,10,0x2a80616b0422be3a5376ed94708b3e07eddcfcf403db0759dfbaf52cd5dd4a66,sender,recipient,-1919.113448,1.2953964835051366,2057925177137602661393434677894520,0,6.746833512068203e+20,203307
mypool,35346015,0x0c0ff070136c0ae718d5e2d4627b1e24c657f30f58315bff1c5b8331a594da34,1667892674,129,0x0c0ff070136c0ae718d5e2d4627b1e24c657f30f58315bff1c5b8331a594da34,sender,recipient,1.0,-0.000674345997295514,2057925139797484495367576674713752,0,6.746833267231743e+20,203307
mypool,35346020,0x04f2924988e060694586855258f3bcbcb151e21fb638c70966a3edb1462095d2,1667892684,3,0x04f2924988e060694586855258f3bcbcb151e21fb638c70966a3edb1462095d2,sender,recipient,3313.848594,-2.234546133926879,2057801407741503000083200334626816,0,6.746021989465264e+20,203306
mypool,35346020,0xa300b76146d5bd5db47b74211d83d21e20f112a2d9c48b8e43ce5605326e7272,1667892684,58,0xa300b76146d5bd5db47b74211d83d21e20f112a2d9c48b8e43ce5605326e7272,sender,recipient,3411.036061,-2.29979955,2057674062450955452442051306182408,0,6.745187071629635e+20,203305
mypool,35346021,0xfe631a3382158534d4eb0923647366d4ae4ef9a3a4b248b41ceb616592c508e9,1667892686,6,0xfe631a3382158534d4eb0923647366d4ae4ef9a3a4b248b41ceb616592c508e9,sender,recipient,-296.357866,0.2,2057685127130030474070344980446479,0,6.745259613274856e+20,203305
mypool,35346027,0xe248bc5e38f5071c88fb86381827c2ae885c0acd5f82a9f029930f3cccd5bcd9,1667892698,167,0xe248bc5e38f5071c88fb86381827c2ae885c0acd5f82a9f029930f3cccd5bcd9,sender,recipient,119.788231,-0.0807596954949935,2057680656994398415175582625160665,0,6.745230306368571e+20,203305
mypool,35346037,0x548bc459b20871c586e26b2c02c50c71cda8c958a8124c5451ebc6fb1d7959c8,1667892718,44,0x548bc459b20871c586e26b2c02c50c71cda8c958a8124c5451ebc6fb1d7959c8,sender,recipient,745.25,-0.5023073180374216,2057401302263818518121600059111911,0,6.743398939504526e+20,203302
mypool,35346037,0x6e160f88bba2c7d67c3e5fd3777b24d7e769263e3a01576214395753aa3ae299,1667892718,18,0x6e160f88bba2c7d67c3e5fd3777b24d7e769263e3a01576214395753aa3ae299,sender,recipient,3601.290117,-2.427503475064898,2057429105511798102375277877708328,0,6.743581198220481e+20,203302
mypool,35346037,0x6e502f8db4a1d35674ad62cb6db7bf3de8640524cc786df175467e7a9e002814,1667892718,4,0x6e502f8db4a1d35674ad62cb6db7bf3de8640524cc786df175467e7a9e002814,sender,recipient,3140.486652,-2.1171508281331586,2057563470428782058652380610166870,0,6.744462035682043e+20,203304
mypool,35346041,0x7848d96df9ddfeaa56943a87617062b9ce004abccc42c14ea6b042d6e234c8e6,1667892726,300,0x7848d96df9ddfeaa56943a87617062b9ce004abccc42c14ea6b042d6e234c8e6,sender,recipient,1600.133875,-1.078463298691573,2057341608165298200726422351527001,0,6.743007634919965e+20,203302
mypool,35346046,0xfae1f74a92557dace0b927a3ae3019417d6d61aadd17e5f775441feeed3ee388,1667892736,18,0xfae1f74a92557dace0b927a3ae3019417d6d61aadd17e5f775441feeed3ee388,sender,recipient,-1709.854164,1.1535685181902025,2057405427492522314926613511756158,0,6.743425981473173e+20,203302
mypool,35346078,0x25b7c081d9de4c57df1cf1dd87cccf1689aed71d933022f1c452ad6f5ee597f8,1667892804,246,0x25b7c081d9de4c57df1cf1dd87cccf1689aed71d933022f1c452ad6f5ee597f8,sender,recipient,1326.51,-0.8940608861996489,2057364515391295058748401053747470,0,6.743157794192599e+20,203302
mypool,35346078,0xfae9a374ec355723412a5006d166912040559ce91d5e062086c8b07cf7eefffe,1667892804,5,0xfae9a374ec355723412a5006d166912040559ce91d5e062086c8b07cf7eefffe,sender,recipient,-229.737606,0.155,2057414002618805456688541109310813,0,6.743482193874585e+20,203302
mypool,35346079,0x399db3e5bc7dcffcb7c997fc27342556d0d36d185b4df2e1dfa8fe19034edda9,1667892806,141,0x399db3e5bc7dcffcb7c997fc27342556d0d36d185b4df2e1dfa8fe19034edda9,sender,recipient,-160.84949,0.10851792512521248,2057370518971372047260335434217607,0,6.743197148567142e+20,203302
mypool,35346083,0x92d86ec73041b264ba483a6eabd2c4249c8499c67fd9f10f9b6d4e2f6849c6b0,1667892814,157,0x92d86ec73041b264ba483a6eabd2c4249c8499c67fd9f10f9b6d4e2f6849c6b0,sender,recipient,60.341431,-0.04066902714773989,2057368267897166529080521078003724,0,6.743182392422131e+20,203302
mypool,35346093,0xcdd8f957f619f738ca55c885747f8114a4f9aebd7cdb04f25b1d6bba652eabab,1667892834,32,0xcdd8f957f619f738ca55c885747f8114a4f9aebd7cdb04f25b1d6bba652eabab,sender,recipient,-3311.929793,2.234546133926879,2057491890576417685135647112520685,0,6.743992782406201e+20,203303
mypool,35346095,0xb1b9b19542a32e7597b04a1595095963d062aea2a9873489bf6e05f2a277f895,1667892838,33,0xb1b9b19542a32e7597b04a1595095963d062aea2a9873489bf6e05f2a277f895,sender,recipient,-1399.861424,0.9445617923439527,2057544146941911750421026745360941,0,6.744335355836206e+20,203304
mypool,35346103,0xa0b196c228cde2ddef0250136bfe8092507dd78f4e6b6064e335dd15daf69edf,1667892854,9,0xa0b196c228cde2ddef0250136bfe8092507dd78f4e6b6064e335dd15daf69edf,sender,recipient,-729.126694,0.492,2057571366052436303626629184050557,0,6.744513797717015e+20,203304
mypool,35346104,0xd8dca07fcdfde7f820dc95e497ed28594dd778069583c05d8ef64419b8775af4,1667892856,59,0xd8dca07fcdfde7f820dc95e497ed28594dd778069583c05d8ef64419b8775af4,sender,recipient,-1040.994677,0.7024647897788971,2057610228789738333779756299565708,0,6.744768576479591e+20,203304
mypool,35346108,0x3639154fbd62aaf0e660d7ccbe4b4382f4a2f432b92d142869502295a6d5f3c2,1667892864,67,0x3639154fbd62aaf0e660d7ccbe4b4382f4a2f432b92d142869502295a6d5f3c2,sender,recipient,-266.738772,0.18,2057620187000905853245220606403372,0,6.744833861917379e+20,203304
mypool,35346109,0x5aed10f50f4578800fc19cb58b7b5f659bd389d43856115908b9b56922a07959,1667892866,154,0x5aed10f50f4578800fc19cb58b7b5f659bd389d43856115908b9b56922a07959,sender,recipient,-1156.89615,0.7807139694684542,2057663378748513626643465314652645,0,6.745117028092788e+20,203305
mypool,35346132,0xdfae1ca99beb15203f291201ef5db26c7a7777368126355feec6b409f095d650,1667892916,165,0xdfae1ca99beb15203f291201ef5db26c7a7777368126355feec6b409f095d650,sender,recipient,-5.379349,0.003630249568066341,2057663579586245791093157292357245,0,6.745118344803857e+20,203305
mypool,35346132,0xdfae1ca99beb15203f291201ef5db26c7a7777368126355feec6b409f095d650,1667892916,176,0xdfae1ca99beb15203f291201ef5db26c7a7777368126355feec6b409f095d650,sender,recipient,-0.011522,7.776029191248e-06,2057663580016441641859693614374747,0,6.745118347624262e+20,203305
mypool,35346134,0xfad5987dec11f372f34e913e19ac4b1ef66837bfe6897e5e06c32c7d73c20b9b,1667892920,113,0xfad5987dec11f372f34e913e19ac4b1ef66837bfe6897e5e06c32c7d73c20b9b,sender,recipient,322.12224,-0.21716535626559505,2057651559695033946255238142263092,0,6.745039541492453e+20,203305
mypool,35346135,0x3faacd9c6831f7bf25a3765960bfe318169896730e309ea8962ac3a57b48d484,1667892922,165,0x3faacd9c6831f7bf25a3765960bfe318169896730e309ea8962ac3a57b48d484,sender,recipient,356.034118,-0.24,2057531986868522526340555376876322,0,6.744255638109938e+20,203303
mypool,35346135,0x6e683946191344ee09f695eb8f37c9cf13949ec4138e15ffd53f820a9c6850c9,1667892922,156,0x6e683946191344ee09f695eb8f37c9cf13949ec4138e15ffd53f820a9c6850c9,sender,recipient,2848.5,-1.920264654189043,2057545271110481997612319533552734,0,6.744342725565712e+20,203304
mypool,35346138,0xd39bd9c08c463b3b584a8b7a97e6dce02038daa8edc7e0d8bab02843af55e601,1667892928,231,0xd39bd9c08c463b3b584a8b7a97e6dce02038daa8edc7e0d8bab02843af55e601,sender,recipient,74.575581,-0.05027046229825763,2057529204347753424121317245903563,0,6.744237396820068e+20,203303
mypool,35346150,0x2fc669dca3485f9a727d5ca8fa60473f5429647971dda116d7aafce8fcd4d31d,1667892952,197,0x2fc669dca3485f9a727d5ca8fa60473f5429647971dda116d7aafce8fcd4d31d,sender,recipient,95.8796,-0.06463103414400077,2057525626954854841806696473687704,0,6.744213944646513e+20,203303
mypool,35346152,0xc6ea9e2c4aa90cc01c49db30375d8b35781839b3b1bb48b39ea6bb8575835aa9,1667892956,205,0xc6ea9e2c4aa90cc01c49db30375d8b35781839b3b1bb48b39ea6bb8575835aa9,sender,recipient,-16516.5,11.147993902847025,2058142371130037951332815899765342,0,6.748257712569689e+20,203309
mypool,35346153,0x6cc8266b8c1f8764ad7f058a28158eb0b880f41a925e9ea9376022c474053367,1667892958,2,0x6cc8266b8c1f8764ad7f058a28158eb0b880f41a925e9ea9376022c474053367,sender,recipient,7957.73063,-5.3666220015119235,2057845323191816674679152292667999,0,6.746309925661202e+20,203306
mypool,35346154,0x2a63ba17cea2f2ae53e8fa6a037bf0f438cb90efda7a64f15f82bc8858c13236,1667892960,10,0x2a63ba17cea2f2ae53e8fa6a037bf0f438cb90efda7a64f15f82bc8858c13236,sender,recipient,3952.319698,-2.6642943313832954,2057489786188873347765490333777920,0,6.743978987001011e+20,203303
mypool,35346154,0x786a8ccdf11281b449a7e466511094c5d159bfcad4cc92e0ec246c6b4f8b090b,1667892960,96,0x786a8ccdf11281b449a7e466511094c5d159bfcad4cc92e0ec246c6b4f8b090b,sender,recipient,-708.576721,0.47805733713694265,2057407544465829544395233114876232,0,6.743439858815922e+20,203302
mypool,35346154,0x7a9079ce0ec667917b505de60e1ef4bd1ce6a96bd0df6501b01fb2c0e205f9ac,1667892960,84,0x7a9079ce0ec667917b505de60e1ef4bd1ce6a96bd0df6501b01fb2c0e205f9ac,sender,recipient,2913.303859,-1.9636399,2057381096740736381214907661112699,0,6.743266487723042e+20,203302
mypool,35346154,0xeec50b60f6ef0574f89d7703a42f2dcdc2e44915dacdd0733c9f490f91999af5,1667892960,2,0xeec50b60f6ef0574f89d7703a42f2dcdc2e44915dacdd0733c9f490f91999af5,sender,recipient,5575.317791,-3.7590214262434687,2057637257566162278716450633947439,0,6.744945776258927e+20,203304
mypool,35346161,0xa4a94e3ae54ad8e6ba5145b9065d478bd51c68e48786bf921da53977213360a0,1667892974,3,0xa4a94e3ae54ad8e6ba5145b9065d478bd51c68e48786bf921da53977213360a0,sender,recipient,5030.27773,-3.3901322381898327,2057219897228634887605625603493854,0,6.742209834986348e+20,203300
mypool,35346163,0x4f809eace9c34a8b04bc3d24a8d9a8ef3d71f5722a4f5024be6117d0b3c666e2,1667892978,48,0x4f809eace9c34a8b04bc3d24a8d9a8ef3d71f5722a4f5024be6117d0b3c666e2,sender,recipient,515.352685,-0.34726368344422326,2057138669739346455196036113000492,0,6.741677425236569e+20,203300
mypool,35346163,0x66e02535acfb4a6f71d6b9dbe3a3e646aaa78cc8b1b0cdd66d79723713550a46,1667892978,75,0x66e02535acfb4a6f71d6b9dbe3a3e646aaa78cc8b1b0cdd66d79723713550a46,sender,recipient,-719.426475,0.4852630839741122,2057165516110368957601813340786020,0,6.741853388828254e+20,203300
mypool,35346163,0x759022817edec29d4bffa37065bada79bbe90fa0bbf1c8a700fe7dc7d191c2f9,1667892978,2,0x759022817edec29d4bffa37065bada79bbe90fa0bbf1c8a700fe7dc7d191c2f9,sender,recipient,1662.405121,-1.1202342354208201,2057157891134323998111496623099888,0,6.7418034109583e+20,203300
mypool,35346164,0x2d71670979fb232f4bc0b029431001d2ecfb7cfcc928ec881aa586723cb751a6,1667892980,22,0x2d71670979fb232f4bc0b029431001d2ecfb7cfcc928ec881aa586723cb751a6,sender,recipient,2249.293423,-1.5153949568120864,2056928444763563789365949633311457,0,6.740299592446893e+20,203298
mypool,35346164,0x9466fdd872d49772c1b802027e0250d2a2c09f6278a76c5be1f3911c57bea3a0,1667892980,2,0x9466fdd872d49772c1b802027e0250d2a2c09f6278a76c5be1f3911c57bea3a0,sender,recipient,4102.664378,-2.7643674549139154,2057012398337131959492073342878748,0,6.74084981458728e+20,203298
mypool,35346167,0x9a322202e413f512b15c36d8f34bf0d78cc90c3de72b7e3b3277f2d0375ac8a2,1667892986,4,0x9a322202e413f512b15c36d8f34bf0d78cc90c3de72b7e3b3277f2d0375ac8a2,sender,recipient,4866.957528,-3.27854541558933,2056746811848324784114688833551247,0,6.739109267897917e+20,203296
mypool,35346169,0xf06d1e2674d673b06cd6ed5b52325a1ce54eae7e06ef0492b147239c7bb32658,1667892990,33,0xf06d1e2674d673b06cd6ed5b52325a1ce54eae7e06ef0492b147239c7bb32658,sender,recipient,2508.078214,-1.6892993307078752,2056653223892919683332999154576547,0,6.738495983749697e+20,203295
mypool,35346171,0xabf64462f4b9d5bfb2f0d6d9644496e148d91c52d61d480f44f95e08f6ec4d1f,1667892994,72,0xabf64462f4b9d5bfb2f0d6d9644496e148d91c52d61d480f44f95e08f6ec4d1f,sender,recipient,4242.846029,-2.8573906212031197,2056494923145875609386214682151447,0,6.737458698626997e+20,203293
mypool,35346178,0x5d7729df2e4cd5dc524da2ee5f62040f881e92094f15ed3e0aef05fcc89a68f4,1667893012,3,0x5d7729df2e4cd5dc524da2ee5f62040f881e92094f15ed3e0aef05fcc89a68f4,sender,recipient,7005.548633,-4.717,2056233599188882815442897114066684,0,6.735746515940145e+20,203291
mypool,35346179,0x99d2c1bb098f0c69d4511a6ebea987c15c3c64c6db96d79a8aa81759dbe11253,1667893014,49,0x99d2c1bb098f0c69d4511a6ebea987c15c3c64c6db96d79a8aa81759dbe11253,sender,recipient,-1.000772,0.000674432154934224,2056233636534050678674393354208668,0,6.735746760608442e+20,203291
mypool,35346181,0x6994e0cebf9c85785f125a5221c667eaceb0d3ae2f9f6b26f4beb3d7c2ed3233,1667893018,200,0x6994e0cebf9c85785f125a5221c667eaceb0d3ae2f9f6b26f4beb3d7c2ed3233,sender,recipient,-45.295218,0.030525,2056235326787459691062055471843055,0,6.73575783437302e+20,203291
mypool,35346183,0xe0577745c850db6ef8a32ef2490eb9ae4928e1a3dda7e41f6df62936e516dfb3,1667893022,194,0xe0577745c850db6ef8a32ef2490eb9ae4928e1a3dda7e41f6df62936e516dfb3,sender,recipient,-6068.828066,4.090311042912176,2056461818587105991476888022498747,0,6.737241787026845e+20,203293
mypool,35346205,0x7127299402d612ecb679b7c250f380b01a935364feea1c5443f3a2cd4de12a21,1667893066,180,0x7127299402d612ecb679b7c250f380b01a935364feea1c5443f3a2cd4de12a21,sender,recipient,-45.0,0.030332778963053638,2056463482605402107287097434425811,0,6.737252690120725e+20,203293
mypool,35346212,0x9e0793a5b4c401d95b7a6503d941bc6e0ca0f2544306cdf2f73748579d0f4e50,1667893080,30,0x9e0793a5b4c401d95b7a6503d941bc6e0ca0f2544306cdf2f73748579d0f4e50,sender,recipient,-443.350115,0.2988479810138555,2056479877031668491924596284519411,0,6.737360111267443e+20,203293
mypool,35346215,0x705333727ce639a8bae1d7348d9f967b167de1ba34e72dc88e474f8a80d868a2,1667893086,34,0x705333727ce639a8bae1d7348d9f967b167de1ba34e72dc88e474f8a80d868a2,sender,recipient,555.755424,-0.37418278068227495,2056298032149489119345259381627731,0,6.736168657558625e+20,203291
mypool,35346215,0x815cbc548b8706f35d1c1f5cf7ef6e6d999d960221a8e8f67d1244b099f2bd08,1667893086,5,0x815cbc548b8706f35d1c1f5cf7ef6e6d999d960221a8e8f67d1244b099f2bd08,sender,recipient,4364.68332,-2.9389434627429902,2056318569617326859216311356818910,0,6.736303214452473e+20,203292
mypool,35346218,0x341ca26a6fa43118e14b06887620554f494576986b994ae99677f264cc5f13a3,1667893092,3,0x341ca26a6fa43118e14b06887620554f494576986b994ae99677f264cc5f13a3,sender,recipient,10005.065577,-6.735,2055928269179945231386611418752663,0,6.733746283232518e+20,203288
mypool,35346218,0xfb4b586a38054e8b7b320f333a748b8e971d46198752709f2b35a27f355f59c6,1667893092,152,0xfb4b586a38054e8b7b320f333a748b8e971d46198752709f2b35a27f355f59c6,sender,recipient,99.168436,-0.066744,2055924603680563499982400621392981,0,6.733722272160532e+20,203288
mypool,35346219,0x09c21c5dd957588882a6e4eba49f033ac7fb2a4a78d599557cb860ffd258c400,1667893094,6,0x09c21c5dd957588882a6e4eba49f033ac7fb2a4a78d599557cb860ffd258c400,sender,recipient,1309.323473,-0.880679218488774,2055268054212178465101096854874810,0,6.729422196317009e+20,203281
mypool,35346219,0x4479c6e459c89fab54e21a911548cc7b1463a3ce0929cd828adac4a0538e295f,1667893094,2,0x4479c6e459c89fab54e21a911548cc7b1463a3ce0929cd828adac4a0538e295f,sender,recipient,16459.032541,-11.07423692098469,2055316420044775766687554261820502,0,6.72973892185204e+20,203282
mypool,35346219,0x48481373c261885c32f3ff008d4dcf38fb0fbc3675fd9ea6a550151b9bbdf15d,1667893094,141,0x48481373c261885c32f3ff008d4dcf38fb0fbc3675fd9ea6a550151b9bbdf15d,sender,recipient,-2864.562665,1.9273704754317291,2054638394598195515588950474809959,0,6.725299525987364e+20,203275
mypool,35346219,0x54df99542cc00ea18f875c84718ce477651989048a15edbe4672577d70194b10,1667893094,151,0x54df99542cc00ea18f875c84718ce477651989048a15edbe4672577d70194b10,sender,recipient,-2432.068629,1.6365274826267293,2054726600816396415583737458404200,0,6.72587697647444e+20,203276
mypool,35346219,0x78a713b19ec04896e5e94708967d6bd128488c772193bf885e6aaaa3eb1ae965,1667893094,17,0x78a713b19ec04896e5e94708967d6bd128488c772193bf885e6aaaa3eb1ae965,sender,recipient,10398.805,-6.992995011070407,2054887490337483176643283218347834,0,6.726930319037378e+20,203278
mypool,35346219,0xd371255d973b12c2b9e0f5b9b7379569553fdd679d3e682e3297f9c4bb167fd0,1667893094,126,0xd371255d973b12c2b9e0f5b9b7379569553fdd679d3e682e3297f9c4bb167fd0,sender,recipient,-661.380847,0.44497074711631235,2054534512407083739652847803769827,0,6.724619483026087e+20,203274
mypool,35346219,0xebc390089da9a49e6db25bb498b97356571e9f622ef8723f41638df5215d154e,1667893094,22,0xebc390089da9a49e6db25bb498b97356571e9f622ef8723f41638df5215d154e,sender,recipient,10398.805,-6.9904234600879285,2054510529194317791150459562891002,0,6.724462486842734e+20,203274
mypool,35346220,0xce0807ab99b2e4bed8070510cf9803914e042708796d81193ebc957bde96bdeb,1667893096,210,0xce0807ab99b2e4bed8070510cf9803914e042708796d81193ebc957bde96bdeb,sender,recipient,14.25,-0.009579580095710962,2054726084234034196549440937146098,0,6.725873594546179e+20,203276
mypool,35346221,0x317d778170e535db50989959acf25c4e9179e1f80e9035802973f3c3212f88e7,1667893098,21,0x317d778170e535db50989959acf25c4e9179e1f80e9035802973f3c3212f88e7,sender,recipient,-1042.710881,0.7016779056483263,2054763903552749838086011604628501,0,6.726121189882623e+20,203276
mypool,35346221,0x4fb79128f73c344d5fc869a6fad353b19b566114913a7c33753d4d25125caf01,1667893098,174,0x4fb79128f73c344d5fc869a6fad353b19b566114913a7c33753d4d25125caf01,sender,recipient,-96.648006,0.06503925084803829,2054767409064519623402974391314753,0,6.726144139981239e+20,203276
mypool,35346221,0x57d9846e8e0d6065225cff05efbf6fb54a29f542375e5a4ea56d9379a9d7abae,1667893098,185,0x57d9846e8e0d6065225cff05efbf6fb54a29f542375e5a4ea56d9379a9d7abae,sender,recipient,-99.966091,0.06727238890888819,2054771034938865142493385101760878,0,6.726167878118112e+20,203277
mypool,35346223,0x697b717b7130125c2b3f14cbdebe3d002e05ea6f1f495951ce75e2de0e3aca8d,1667893102,12,0x697b717b7130125c2b3f14cbdebe3d002e05ea6f1f495951ce75e2de0e3aca8d,sender,recipient,1188.532035,-0.798804270077018,2054463239504883602630958433649266,0,6.724152929818479e+20,203274
mypool,35346223,0x94e84dfcd008d4df5257b58a6416634ea8e9035e83e8f8f408641188788430ec,1667893102,8,0x94e84dfcd008d4df5257b58a6416634ea8e9035e83e8f8f408641188788430ec,sender,recipient,6998.018771,-4.704,2054506315317462464124088749969436,0,6.724434902629973e+20,203274
mypool,35346223,0x9b9279c9cd1de2b5f4bef47bad13652d8ac484fed15f80b9fdb833319cfd5698,1667893102,3,0x9b9279c9cd1de2b5f4bef47bad13652d8ac484fed15f80b9fdb833319cfd5698,sender,recipient,304.933892,-0.205,2054759980238847308094178389168242,0,6.726095504537913e+20,203276
mypool,35346224,0x59ad3b64292e72b387ee22440e8e6c4a632815f43b535aa751b78cfa335eeeff,1667893104,171,0x59ad3b64292e72b387ee22440e8e6c4a632815f43b535aa751b78cfa335eeeff,sender,recipient,2592.636117,-1.7423768201921586,2054369281197248224592713761696137,0,6.723537902428009e+20,203273
mypool,35346225,0x3fe8f5156a50ff79568b1d0f8ace40971995829dd594fd0c8585b83d7eab19f6,1667893106,20,0x3fe8f5156a50ff79568b1d0f8ace40971995829dd594fd0c8585b83d7eab19f6,sender,recipient,10004.83257,-6.718,2053359390807752040538373162607366,0,6.716929190504273e+20,203263
mypool,35346225,0x642696ce203960624fd3cdad4b7fa7d4426ebe559cad1356343b6eaad62e3489,1667893106,467,0x642696ce203960624fd3cdad4b7fa7d4426ebe559cad1356343b6eaad62e3489,sender,recipient,163.0,-0.1094084805080591,2053143250100633856560773631542484,0,6.715515190186921e+20,203261
mypool,35346225,0x67a76e1b875e0ed89d913b4e94793304b1a677d55b33cef37f19ff1084887dbc,1667893106,459,0x67a76e1b875e0ed89d913b4e94793304b1a677d55b33cef37f19ff1084887dbc,sender,recipient,-290.602313,0.1952521725673624,2053149149290703528780990332043870,0,6.715553780925716e+20,203261
mypool,35346225,0xa0005317e285b288d490bdd9aa95de7216f8a1cedec50233fef86beed04eb163,1667893106,6,0xa0005317e285b288d490bdd9aa95de7216f8a1cedec50233fef86beed04eb163,sender,recipient,12147.1547,-8.161353158051389,2053929191542744211845029300254812,0,6.720657560939716e+20,203268
mypool,35346225,0xbe989c514c1007d1097820493881b5ea89d7d6178681f62bfbf1675afdf65c3b,1667893106,13,0xbe989c514c1007d1097820493881b5ea89d7d6178681f62bfbf1675afdf65c3b,sender,recipient,5731.6453,-3.849727411999222,2053721618294177452956548958973754,0,6.71929922956559e+20,203266
mypool,35346225,0xd61e3f80573e969fda997d754e759010cce00253acf7e6ebb3036ecba820bfd8,1667893106,27,0xd61e3f80573e969fda997d754e759010cce00253acf7e6ebb3036ecba820bfd8,sender,recipient,6099.301,-4.0943686162635355,2053138626763041079769011694155521,0,6.715484945771317e+20,203261
mypool,35346226,0x50678f56f62e5bdb7d650cf66cfcb6c7abe8401a59eb8b2c2aa0a64f8fc32594,1667893108,170,0x50678f56f62e5bdb7d650cf66cfcb6c7abe8401a59eb8b2c2aa0a64f8fc32594,sender,recipient,10.0,-0.006712156249424024,2053142888188236309152619152552966,0,6.715512822667764e+20,203261
mypool,35346226,0x713ecc8a3c28c41ffb2147ec4d3d2dec790105719fc4f0618a14c7d88c676017,1667893108,199,0x713ecc8a3c28c41ffb2147ec4d3d2dec790105719fc4f0618a14c7d88c676017,sender,recipient,-3217.357345,2.162137503497149,2053408287623140945742320818958288,0,6.717249095883352e+20,203263
mypool,35346226,0xc1ba2e1d7532e3de086c7323c3ca405fdecae08d01d843ce8ce158648ca5723e,1667893108,180,0xc1ba2e1d7532e3de086c7323c3ca405fdecae08d01d843ce8ce158648ca5723e,sender,recipient,-2223.58447,1.4940565914978943,2053223405867535764894781811616509,0,6.71603955474618e+20,203261
mypool,35346226,0xee4e4578a4feeb70b1827b4ad9b056b858c4e0fb8ba23d64b1e19631907c090c,1667893108,190,0xee4e4578a4feeb70b1827b4ad9b056b858c4e0fb8ba23d64b1e19631907c090c,sender,recipient,-1887.696231,1.2684606957170994,2053291765735617681430797407360906,0,6.716486768838353e+20,203262
mypool,35346228,0x204edb6aaf44ad534143de970d4a79c575499d96a4e6819e52e795d0a114a578,1667893112,68,0x204edb6aaf44ad534143de970d4a79c575499d96a4e6819e52e795d0a114a578,sender,recipient,-360.56878,0.24232573440054536,2053421347038613894178453165871516,0,6.717334537854402e+20,203263
mypool,35346229,0x8a9ee6a0e8e937582b24dec095727b769dd90782225195bc4416c21f8af1ec11,1667893114,21,0x8a9ee6a0e8e937582b24dec095727b769dd90782225195bc4416c21f8af1ec11,sender,recipient,-638.993974,0.4294531940989938,2053444491124824124211761965693434,0,6.717485960694145e+20,203264
mypool,35346232,0x7c209d7dc7d9ecd2517fcb16f524a82d8f3aea5634b894afd338db7575060a56,1667893120,176,0x7c209d7dc7d9ecd2517fcb16f524a82d8f3aea5634b894afd338db7575060a56,sender,recipient,5996.083863,-4.025421459443545,2053227444638212461406463132606148,0,6.716065976196682e+20,203261
mypool,35346234,0x8fcf616e5ed38259a567457b6b0f5f86f2fe3294c6b715e470ab1e798ded55b6,1667893124,338,0x8fcf616e5ed38259a567457b6b0f5f86f2fe3294c6b715e470ab1e798ded55b6,sender,recipient,-1337.708338,0.8988843847630203,2053275887304327990173486663014369,0,6.716382889922471e+20,203262
mypool,35346235,0xd75cdab37d6ac63e733ea48f241ed999f5d9c08c99a5343885c8c2a8c73c2948,1667893126,97,0xd75cdab37d6ac63e733ea48f241ed999f5d9c08c99a5343885c8c2a8c73c2948,sender,recipient,-309.260151,0.207816,2053287086921622620125160088659952,0,6.716456159300038e+20,203262
mypool,35346236,0x510b3e3446a42a4a06951aaacd4e438da826211bb9a868242f5223559211b4c6,1667893128,7,0x510b3e3446a42a4a06951aaacd4e438da826211bb9a868242f5223559211b4c6,sender,recipient,7005.082741,-4.702,2053033560032493074249860506267163,0,6.714797650734657e+20,203260
mypool,35346237,0x55c3a5f8e95c7cb5d24ad80e64ec5da1248371f881285fd2d7902f77ef9132b2,1667893130,3,0x55c3a5f8e95c7cb5d24ad80e64ec5da1248371f881285fd2d7902f77ef9132b2,sender,recipient,10011.529721,-6.718,2052673584011992397275436631495914,0,6.712443130796383e+20,203256
mypool,35346239,0x10e10fe00b97a23c03ec8aedcfadfeee0cc3e68fdcee15ddff4cc73067a1980f,1667893134,83,0x10e10fe00b97a23c03ec8aedcfadfeee0cc3e68fdcee15ddff4cc73067a1980f,sender,recipient,-792.938302,0.5323984,2052450404492789652668315966367385,0,6.71098357248963e+20,203254
mypool,35346239,0xdd8d41aab683949bb4e4ddc039deec7ea2bb6e8eb1f6e0328589bb99f184c67f,1667893134,3,0xdd8d41aab683949bb4e4ddc039deec7ea2bb6e8eb1f6e0328589bb99f184c67f,sender,recipient,7003.301906,-4.698,2052421896384887225031147693049702,0,6.710797145461023e+20,203254
mypool,35346240,0xb0037e2fa6cf4acb2afc16165b4c47f134cc0630ac3a0861f7a7fd68fa943ae5,1667893140,2,0xb0037e2fa6cf4acb2afc16165b4c47f134cc0630ac3a0861f7a7fd68fa943ae5,sender,recipient,5838.550447,-3.915882197271045,2052240617541266762638230944267342,0,6.709611744131963e+20,203252
mypool,35346240,0xff356b5df566659f62db7d2af7bb2f020afd2808e4ea236ee74c03e73fe95c11,1667893140,7,0xff356b5df566659f62db7d2af7bb2f020afd2808e4ea236ee74c03e73fe95c11,sender,recipient,10007.33431,-6.71,2051881176074640477075732302297653,0,6.707261628395597e+20,203248
mypool,35346241,0x4c8e91add44db932c3c2cda954e941fdec539e46f3e68af45af58ca104749627,1667893142,5,0x4c8e91add44db932c3c2cda954e941fdec539e46f3e68af45af58ca104749627,sender,recipient,11943.2,-8.00493850475202,2051452457678890620019795720704983,0,6.704459101549852e+20,203244
mypool,35346241,0xbb535340028002ed00ab55e6478afac10f4e931760a8f5ab81e9da856e99d1e6,1667893142,10,0xbb535340028002ed00ab55e6478afac10f4e931760a8f5ab81e9da856e99d1e6,sender,recipient,4621.978,-3.0969864353178846,2051286593187187109698205759936341,0,6.703375004531912e+20,203243
mypool,35346242,0x49de406d37b4f6c53982e6f0836ad2baf11b192941a0851f9dcf089d3d467f89,1667893144,3,0x49de406d37b4f6c53982e6f0836ad2baf11b192941a0851f9dcf089d3d467f89,sender,recipient,1789.064,-1.1986395388447686,2051222397963217453884296914991906,0,6.702955445482805e+20,203242
mypool,35346243,0x09665c2cb582c6b3e6cf5df7983de3abd44a7d3ec479bc26fa2c45f16cee7d4e,1667893146,24,0x09665c2cb582c6b3e6cf5df7983de3abd44a7d3ec479bc26fa2c45f16cee7d4e,sender,recipient,-1020.920194,0.684715102329528,2051322384217837742728815134692540,0,6.703608928737458e+20,203243
mypool,35346243,0x54e6c469811e0239dd9a44d2bc4c65096e9e64c03a6e5647f12292711694067e,1667893146,71,0x54e6c469811e0239dd9a44d2bc4c65096e9e64c03a6e5647f12292711694067e,sender,recipient,-1500.587166,1.006464604843859,2051376260227699188792911453185172,0,6.703961061046195e+20,203243
mypool,35346243,0x727cbb16d2ead196b7834fd15b73a826edc60f36e67b4a4124b4c72af7c3a97a,1667893146,9,0x727cbb16d2ead196b7834fd15b73a826edc60f36e67b4a4124b4c72af7c3a97a,sender,recipient,-1764.166251,1.18314086,2051285731445919241229135799673979,0,6.703369372385062e+20,203243
mypool,35346244,0xf8503094289628fdf8eb02cd2c735d8110a9e98cfe505491bd5c6b00ce8612e5,1667893148,248,0xf8503094289628fdf8eb02cd2c735d8110a9e98cfe505491bd5c6b00ce8612e5,sender,recipient,1060.137488,-0.7103435133968456,2051338216546125116940515110649460,0,6.703712407496001e+20,203243
mypool,35346245,0x3665da9931083b82dc7ece629f895012861e3d9ccb4a9673c40ebed89490845c,1667893150,281,0x3665da9931083b82dc7ece629f895012861e3d9ccb4a9673c40ebed89490845c,sender,recipient,-1341.771715,0.8993881510013786,2050738738168707147654097713900483,0,6.699794824922833e+20,203237
mypool,35346245,0x5f5f65e0f525c8e3e239bdc78e8b9063eae23ad36c8d49c2003301fb8f11a76f,1667893150,421,0x5f5f65e0f525c8e3e239bdc78e8b9063eae23ad36c8d49c2003301fb8f11a76f,sender,recipient,-105.377491,0.07063620543375998,2050742511795336037401957818647648,0,6.699819481937352e+20,203237
mypool,35346245,0xcbe53fc70b1c50c7785f687df3ec2a0f2e45bc8609c8a8162658c3187d0e4f6b,1667893150,3,0xcbe53fc70b1c50c7785f687df3ec2a0f2e45bc8609c8a8162658c3187d0e4f6b,sender,recipient,9999.718376,-6.699,2050979439956970387198626531718237,0,6.701367670070237e+20,203240
mypool,35346245,0xdc9d1673e31dcbc6c4175c36008174db70507ea24050f38c5c41d13685a1c0b3,1667893150,11,0xdc9d1673e31dcbc6c4175c36008174db70507ea24050f38c5c41d13685a1c0b3,sender,recipient,8066.074835,-5.401909956676127,2050690689791030497944630198516018,0,6.699480879031119e+20,203237
mypool,35346247,0x6728c9f815082578dde52d3b780acd9aebbe3d2b7d8b494d9f2085a38b04a1b7,1667893154,5,0x6728c9f815082578dde52d3b780acd9aebbe3d2b7d8b494d9f2085a38b04a1b7,sender,recipient,6789.967799,-4.54634249375516,2050499509196543713975210746392278,0,6.698231786673853e+20,203235
mypool,35346247,0xf0ebaebf607e98331ca20d0d57966b0f0af3b128e196f1023789d5647ff9cc0c,1667893154,155,0xf0ebaebf607e98331ca20d0d57966b0f0af3b128e196f1023789d5647ff9cc0c,sender,recipient,-2389.524137,1.6014261466938855,2050585062834571897992238302727225,0,6.698790743211104e+20,203236
mypool,35346248,0x8f434a7db91158f5f1ce9e5709865de0c56dcce7498b4e918d5892b8f3df6868,1667893156,89,0x8f434a7db91158f5f1ce9e5709865de0c56dcce7498b4e918d5892b8f3df6868,sender,recipient,-300.364937,0.20130989638297003,2050595817494749138126214813725562,0,6.698861009408072e+20,203236
mypool,35346250,0x3bded961d9a5eb10d2824654c31e91c8bfa0e35720bf62159536d38279b039e1,1667893160,55,0x3bded961d9a5eb10d2824654c31e91c8bfa0e35720bf62159536d38279b039e1,sender,recipient,-432.294886,0.28974538226850083,2050646658117122294497801560025786,0,6.699193184556338e+20,203236
mypool,35346250,0x6e8bcec20c0cf9a7e9489d0a0ba30ec037e55914bde4efad8c0151f16146f785,1667893160,16,0x6e8bcec20c0cf9a7e9489d0a0ba30ec037e55914bde4efad8c0151f16146f785,sender,recipient,-987.580908,0.6619090868931882,2050631178932143259975084776417560,0,6.699092048011216e+20,203236
mypool,35346258,0xcdfd0d875787b8619f822c8e9d746c390161f17330484f58484d4b98b5b038e7,1667893176,126,0xcdfd0d875787b8619f822c8e9d746c390161f17330484f58484d4b98b5b038e7,sender,recipient,-660.342319,0.4425336018197759,2050510736034640454752071287927230,0,6.698305134820811e+20,203235
mypool,35346258,0xf621ad70a4abb613c1616c0842e90de2220dcd190a0c9911897f5fbc1cafb9a2,1667893176,6,0xf621ad70a4abb613c1616c0842e90de2220dcd190a0c9911897f5fbc1cafb9a2,sender,recipient,4458.758167,-2.9852824205157593,2050487094382689436198697124618080,0,6.698150677608796e+20,203235
mypool,35346261,0xef9061e5d07b83a8028c93a330d625b617bcfbd13912abb017445245edef2ba4,1667893182,67,0xef9061e5d07b83a8028c93a330d625b617bcfbd13912abb017445245edef2ba4,sender,recipient,-979.159101,0.6562099575384224,2050545780058122641675155520856875,0,6.698534090040768e+20,203235
mypool,35346262,0xfd361c621cfc106b47896023c5dc2f172d33dcec0a2f74bba2da1aaaccfd7f81,1667893184,229,0xfd361c621cfc106b47896023c5dc2f172d33dcec0a2f74bba2da1aaaccfd7f81,sender,recipient,-631.723025,0.4233781770541843,2050568390008807005678194271980127,0,6.698681811064013e+20,203236
mypool,35346263,0x0bcb7a74fdc05fc7461e961264417e108d93029755137bbe2e31fcc4b4206854,1667893186,137,0x0bcb7a74fdc05fc7461e961264417e108d93029755137bbe2e31fcc4b4206854,sender,recipient,-179.317993,0.12017988389172299,2050574808056300503887776130295145,0,6.69872374336483e+20,203236
mypool,35346264,0xcc1d6532b1311900cf1e6600bec6d5894dadfbbd6626912adb97b3a78686150a,1667893188,3,0xcc1d6532b1311900cf1e6600bec6d5894dadfbbd6626912adb97b3a78686150a,sender,recipient,9999.691423,-6.694,2050217145022517413322801332218458,0,6.69638715276509e+20,203232
mypool,35346266,0xd1416ba6d22ef17d6184e4f975f32523c57f074130bec0e97a9cad8b773aed09,1667893192,123,0xd1416ba6d22ef17d6184e4f975f32523c57f074130bec0e97a9cad8b773aed09,sender,recipient,-926.346802,0.62063803,2050250289374332563501344769162754,0,6.696603665641544e+20,203232
mypool,35346268,0x25b816b81a8d57e7a1d0adcbf9c4d06d2ad99c9a867ed98e35483f17bd4e8932,1667893196,3,0x25b816b81a8d57e7a1d0adcbf9c4d06d2ad99c9a867ed98e35483f17bd4e8932,sender,recipient,10214.400838,-6.8355415,2049885177303262295208863215741648,0,6.694218792789368e+20,203229
mypool,35346268,0x495a16f0a2f75b6c3bb26b5a991e82db52f1461fd54ae441b28502da7b24662a,1667893196,192,0x495a16f0a2f75b6c3bb26b5a991e82db52f1461fd54ae441b28502da7b24662a,sender,recipient,-1344.522827,0.9005243362890774,2049933178282775935731497784360779,0,6.694532305785002e+20,203229
mypool,35346275,0x9964161fe21379d7217c6730a66ef1bdb5ea747a59130f7dd380524e9ca9eb1d,1667893210,6,0x9964161fe21379d7217c6730a66ef1bdb5ea747a59130f7dd380524e9ca9eb1d,sender,recipient,5051.774561,-3.379938609340364,2049752926047311023280833255592148,0,6.693355046571814e+20,203228
mypool,35346280,0x64830a8204be9824b67a44436f73fc97bb3a0b31eb7cbf26f1e0fe7223740c0c,1667893220,319,0x64830a8204be9824b67a44436f73fc97bb3a0b31eb7cbf26f1e0fe7223740c0c,sender,recipient,-9.403614,0.006297322414450448,2049753261716175376385684989701164,0,6.693357238788294e+20,203228
mypool,35346285,0x08b75bb38ea210d8d30f0a12a6d6c6eb6199c7b8343eaa30bf22f923acbd5b1e,1667893230,8,0x08b75bb38ea210d8d30f0a12a6d6c6eb6199c7b8343eaa30bf22f923acbd5b1e,sender,recipient,-5224.698902,3.5,2050190276481767786054592714889085,0,6.696211638700575e+20,203232
mypool,35346285,0x556d9d63ce8578a3458e8de7e5ae08564028f174cf2f109acf753a780ebd0be1,1667893230,13,0x556d9d63ce8578a3458e8de7e5ae08564028f174cf2f109acf753a780ebd0be1,sender,recipient,-3283.608875,2.2,2050307764698625250888669478851755,0,6.696979126983218e+20,203233
mypool,35346285,0xe6a4c895d7cdb3883298f1aa41e89960a738f85fd9e86df1384924457c7aee81,1667893230,3,0xe6a4c895d7cdb3883298f1aa41e89960a738f85fd9e86df1384924457c7aee81,sender,recipient,-7002.589473,4.69,2050003363409494546545834226766655,0,6.694990725256037e+20,203230
mypool,35346286,0x791ec9659fce554139b1157516296440f4a1f18320a9a2d7664c3a2eebf2d58c,1667893232,4,0x791ec9659fce554139b1157516296440f4a1f18320a9a2d7664c3a2eebf2d58c,sender,recipient,-9997.763805,6.7,2050665569722691166519721441828978,0,6.69931674858706e+20,203237
mypool,35346291,0x722042539def23b407d52d28aa03ebe12cd4804eda18367197bb3c3e7d49c695,1667893242,20,0x722042539def23b407d52d28aa03ebe12cd4804eda18367197bb3c3e7d49c695,sender,recipient,-3794.06619,2.543205062313426,2050801386371724840215406064959488,0,6.700204176450398e+20,203238
mypool,35346294,0xfb975db0c4f35162a64f3cbfac5dccd5aff3936d2373e3c21e54c9ddae5f8479,1667893248,47,0xfb975db0c4f35162a64f3cbfac5dccd5aff3936d2373e3c21e54c9ddae5f8479,sender,recipient,-2441.114091,1.6364842258819559,2050888780741549494622582896900302,0,6.700775243548691e+20,203239
mypool,35346295,0xaf335f46ff108a1d61c9435924707e6b74bebd2fbdff43574d7aaff0fd8a8174,1667893250,4,0xaf335f46ff108a1d61c9435924707e6b74bebd2fbdff43574d7aaff0fd8a8174,sender,recipient,-1640.733301,1.1,2050947524849978227039621278881637,0,6.70115911293117e+20,203239
mypool,35346304,0x475e0bb79be5fa2dbf3070132d1037901951fb8224d9c0587d09e82f65f61130,1667893272,19,0x475e0bb79be5fa2dbf3070132d1037901951fb8224d9c0587d09e82f65f61130,sender,recipient,-4433.494728,2.9730598048047527,2051240343205625370112989807912015,0,6.703072728412831e+20,203242
mypool,35346304,0x59a88aee27c72d7fc7db9672cf97b6dc23410bbec4cc67dca7908a3ae62a4196,1667893272,8,0x59a88aee27c72d7fc7db9672cf97b6dc23410bbec4cc67dca7908a3ae62a4196,sender,recipient,-3728.589467,2.5,2051081254148244948044635619111861,0,6.702033021708198e+20,203241
mypool,35346305,0xa521ef03131630069fec18c5534cdf949d204098421d1c238dca0c6cc4f942b1,1667893274,8,0xa521ef03131630069fec18c5534cdf949d204098421d1c238dca0c6cc4f942b1,sender,recipient,-3429.340798,2.3,2051363416690855513516519596409503,0,6.703877115157756e+20,203243
mypool,35346306,0xa0f22a540c511ad28ec9842000bc489078370a0d38db6a11ab80b40941201938,1667893276,3,0xa0f22a540c511ad28ec9842000bc489078370a0d38db6a11ab80b40941201938,sender,recipient,-10434.592665,7.0,2051737988167642906483784170097511,0,6.706325545687346e+20,203247
mypool,35346306,0xe8751e72e016b2ea79bfa3a738b6aa8a5a199559fc93d717e4cd9e638936cea2,1667893276,16,0xe8751e72e016b2ea79bfa3a738b6aa8a5a199559fc93d717e4cd9e638936cea2,sender,recipient,-6996.495971,4.695,2051989218608145307909685194878253,0,6.707967993487814e+20,203249
mypool,35346314,0x60962ad1111244e9218f28e6cd2c026bc34139d492854ddc68b5037b90fdbd98,1667893292,10,0x60962ad1111244e9218f28e6cd2c026bc34139d492854ddc68b5037b90fdbd98,sender,recipient,-1832.664621,1.23,2052055047504250486567400899113898,0,6.7083983906918e+20,203250
mypool,35346315,0xe0288c06acdae368edba6cf97efe10f36afc6353d5caeabe22713e3fc156664e,1667893294,3,0xe0288c06acdae368edba6cf97efe10f36afc6353d5caeabe22713e3fc156664e,sender,recipient,-5329.06667,3.5770722894975195,2052246494405133000180001147752788,0,6.70965017191761e+20,203252
mypool,35346319,0x07ed277f2f6ce549baad2180ad2a3e9d00058cfe7680ad35ed86ad1848c5668e,1667893302,36,0x07ed277f2f6ce549baad2180ad2a3e9d00058cfe7680ad35ed86ad1848c5668e,sender,recipient,-804.397227,0.54,2052275395505840439220453381994817,0,6.709839152764978e+20,203252
mypool,35346319,0x384c8397bf78d8650f76ab31a606da20a7572d3cd8de770d8aa1cf3e8a2cb5c1,1667893302,61,0x384c8397bf78d8650f76ab31a606da20a7572d3cd8de770d8aa1cf3e8a2cb5c1,sender,recipient,-3664.189581,2.46,2052407056075729883738069115764064,0,6.710700099191485e+20,203254
mypool,35346324,0x064ca9a463b25c70e08cf5eb77f496903e7a35efd2ab314114bbe9d4dc53fd1f,1667893312,193,0x064ca9a463b25c70e08cf5eb77f496903e7a35efd2ab314114bbe9d4dc53fd1f,sender,recipient,944.029745,-0.6331828350357313,2052373150825175737349865651973850,0,6.710478382852877e+20,203253
mypool,35346331,0xc6bcb53add440f4d20f282e0d02a7f611f9a0893f56b5f3cbfa8167e6fd11477,1667893326,121,0xc6bcb53add440f4d20f282e0d02a7f611f9a0893f56b5f3cbfa8167e6fd11477,sender,recipient,313.120624,-0.2100127072029143,2052361905205327455182861028132642,0,6.710404845268233e+20,203253
mypool,35346331,0xda6bf5004143afc4ffb551a385d6f2224fb286031a1c8be723b30c02cfdc1b2a,1667893326,206,0xda6bf5004143afc4ffb551a385d6f2224fb286031a1c8be723b30c02cfdc1b2a,sender,recipient,2305.921534,-1.5465306150831735,2052279092619305450771024878522368,0,6.70986332794057e+20,203252
mypool,35346332,0x6e4c2a64de39e0b6c76a7723ab075c7b89cdb4f5694440baedac4022fbe32905,1667893328,298,0x6e4c2a64de39e0b6c76a7723ab075c7b89cdb4f5694440baedac4022fbe32905,sender,recipient,2401.467701,-1.610478654705965,2052192855786468962075064730469399,0,6.709299442446567e+20,203251
mypool,35346333,0x13cce8f204b94e8969c167e9aab605f92dd551bdbddb01e8609fcc443fbb7fd9,1667893330,5,0x13cce8f204b94e8969c167e9aab605f92dd551bdbddb01e8609fcc443fbb7fd9,sender,recipient,4371.690113,-2.931407018347502,2052035886765936928001346111196044,0,6.708273114066184e+20,203250
mypool,35346333,0x35afff96fd686142074f3946970392bf8c10b2b3c1190e7253680c44301ad20a,1667893330,54,0x35afff96fd686142074f3946970392bf8c10b2b3c1190e7253680c44301ad20a,sender,recipient,600.0,-0.4022909154871659,2052014345161315761067383522945291,0,6.708132272271405e+20,203250
mypool,35346333,0xd229ba470b853726ff0e34d4ee45e9e9b4f72169dec289f79425321f038176f8,1667893330,227,0xd229ba470b853726ff0e34d4ee45e9e9b4f72169dec289f79425321f038176f8,sender,recipient,5000.0,-3.3520959045873115,2051834880603159605261392042698462,0,6.706958967266821e+20,203248
mypool,35346334,0x392b8a832a32ea27218a2ffcafbb7a93be99972f4ce50ac3b9c1103f937277b4,1667893332,124,0x392b8a832a32ea27218a2ffcafbb7a93be99972f4ce50ac3b9c1103f937277b4,sender,recipient,805.616346,-0.540041478519282,2051797748704764995574274422140669,0,6.706716218819745e+20,203248
mypool,35346334,0x41a9bd7d834e632022458078c9b4fcaf1c14fa0df7df8bde40698f1af000c2d6,1667893332,72,0x41a9bd7d834e632022458078c9b4fcaf1c14fa0df7df8bde40698f1af000c2d6,sender,recipient,229.03184,-0.15353329483524542,2051826660894307683287643609070938,0,6.70690523083794e+20,203248
mypool,35346339,0xeeda34c47636b4d68b3149ed69c55577dba5c7a1f4885deb9e758cbecf032692,1667893342,19,0xeeda34c47636b4d68b3149ed69c55577dba5c7a1f4885deb9e758cbecf032692,sender,recipient,5177.329029,-3.470237264953953,2051611964715770466663830734223667,0,6.705501728666207e+20,203246
mypool,35346340,0x547a7bd2624972f4c48286addc295cdb1be74e4a6e5dc586953820ceece6ca56,1667893344,18,0x547a7bd2624972f4c48286addc295cdb1be74e4a6e5dc586953820ceece6ca56,sender,recipient,1344.270477,-0.9009289188844409,2051563732230331722244666582250022,0,6.705186445641655e+20,203245
mypool,35346341,0xf191377300482bd955f17db438ba50f213e53adab0b3828cea23b00cfec8e8b9,1667893346,12,0xf191377300482bd955f17db438ba50f213e53adab0b3828cea23b00cfec8e8b9,sender,recipient,2302.075541,-1.5427506673452802,2051481138922981257597599702435851,0,6.704646572208976e+20,203244
mypool,35346342,0xbbedbea522a670f16c644a2105c507f57d581d5010babea08e342e35afdef4d9,1667893348,43,0xbbedbea522a670f16c644a2105c507f57d581d5010babea08e342e35afdef4d9,sender,recipient,7464.253242,-5.0013628796568455,2051213383990033137655221816415201,0,6.702896534144917e+20,203242
mypool,35346358,0x569c9468aeae7dbf109e85ee1b619f8d069be2c499e78f146f40b3295a49f6cc,1667893380,225,0x569c9468aeae7dbf109e85ee1b619f8d069be2c499e78f146f40b3295a49f6cc,sender,recipient,750.109437,-0.5025326077427005,2051186480206418935527607559737981,0,6.702720704466034e+20,203242
mypool,35346361,0x6eb92678797ec2394199bb3753bcade7b175abb58dbb026427f5f6831bb1f17b,1667893386,22,0x6eb92678797ec2394199bb3753bcade7b175abb58dbb026427f5f6831bb1f17b,sender,recipient,4228.825038,-2.8328366124724114,2051034820349800498662432556711936,0,6.701729574609477e+20,203240
mypool,35346362,0x524cbc69a59e0bb7c323ae91f0d52b0bdb77292035953cea96cce95cdd742c39,1667893388,2,0x524cbc69a59e0bb7c323ae91f0d52b0bdb77292035953cea96cce95cdd742c39,sender,recipient,7058.999029,-4.727802017602272,2050782086953000529755563281926640,0,6.700078070199104e+20,203238
mypool,35346363,0xb55c4b0f3a4ea5f782046cb8d645342a0f61cd7c0b3db7908256f5128f252c66,1667893390,359,0xb55c4b0f3a4ea5f782046cb8d645342a0f61cd7c0b3db7908256f5128f252c66,sender,recipient,-54.582714,0.03658924371194499,2050785993895589228414685828966628,0,6.70010359884543e+20,203238
mypool,35346363,0xdcb5fe57977af0da2677b8a32130517060bc8a4b35973e176c5995f8abf70d6b,1667893390,353,0xdcb5fe57977af0da2677b8a32130517060bc8a4b35973e176c5995f8abf70d6b,sender,recipient,-54.554344,0.03657015691945311,2050784039914647439216739005966463,0,6.700090831186062e+20,203238
mypool,35346365,0x9bcaa3c5881f7bb827251b6c4f472fb18acb612ddd243617771cf5c11eb2f51a,1667893394,21,0x9bcaa3c5881f7bb827251b6c4f472fb18acb612ddd243617771cf5c11eb2f51a,sender,recipient,2006.355243,-1.3435596268313943,2050714207683573816901218178046032,0,6.699634542941188e+20,203237
mypool,35346366,0x9d38a6081e8bf1e750883df3b61079237f7227727ccfbbbdfc27c3585a98ce8b,1667893396,281,0x9d38a6081e8bf1e750883df3b61079237f7227727ccfbbbdfc27c3585a98ce8b,sender,recipient,1931.734375,-1.2935007442175432,2050645096110992940477261409594364,0,6.69918297882266e+20,203236
mypool,35346367,0x1f3a97cd0fa3325651574413949934b6d3f875edf29639bf62752d013a4ae105,1667893398,16,0x1f3a97cd0fa3325651574413949934b6d3f875edf29639bf62752d013a4ae105,sender,recipient,10906.544517,-7.3014511957207535,2050254980545528747137998549696493,0,6.696634310631896e+20,203233
mypool,35346372,0xc84ba0034ab7a35bf283b3e76f27c68ac076a5a5ea672dad44f745ad8bc8e492,1667893412,5,0xc84ba0034ab7a35bf283b3e76f27c68ac076a5a5ea672dad44f745ad8bc8e492,sender,recipient,11967.2,-8.008317787718132,2049827319648601924834783945623244,0,6.69384091178655e+20,203228
mypool,35346381,0x42a0e737e9b183570a3ad70ca8e9b9bd346b8f47988e0a2518f1183ebb15ba67,1667893430,3,0x42a0e737e9b183570a3ad70ca8e9b9bd346b8f47988e0a2518f1183ebb15ba67,sender,recipient,-1999.276529,1.339,2049898692159403104369195056741380,0,6.69430706280878e+20,203229
mypool,35346382,0x05fab30a6b16feb53c3b0bff73e690f1181138e978f62632ebbeb25efd3da1a3,1667893432,3,0x05fab30a6b16feb53c3b0bff73e690f1181138e978f62632ebbeb25efd3da1a3,sender,recipient,-9994.292239,6.695000000000001,2050256138114937030909164162260946,0,6.696641872443748e+20,203233
mypool,35346382,0x1932b559c42a7e6cc7d3856d98dde330f3fa6767d8486805db2fbfb51a8e332e,1667893432,8,0x1932b559c42a7e6cc7d3856d98dde330f3fa6767d8486805db2fbfb51a8e332e,sender,recipient,-6993.184775,4.686,2050506385284988129328317592107243,0,6.698276710080275e+20,203235
mypool,35346385,0xe9340bf641e779deb3c9579bf05a6095077e9569a009f1ec6215627a47850ae7,1667893438,186,0xe9340bf641e779deb3c9579bf05a6095077e9569a009f1ec6215627a47850ae7,sender,recipient,702.725245,-0.4704636941510063,2050481248472434802979090608353935,0,6.698112484993955e+20,203235
mypool,35346390,0xe2ae3b47abe3c51598e8e592a66d7225f8eb9784dbec21d848d6ecf4be1843da,1667893448,7,0xe2ae3b47abe3c51598e8e592a66d7225f8eb9784dbec21d848d6ecf4be1843da,sender,recipient,6447.24451,-4.315792277434905,2050250656265542524143288506134718,0,6.69660606234916e+20,203232
mypool,35346393,0x1eac7fd7e3665001e32d2239f9b597fc1da3cab15b533f921a1dafa82ffd4360,1667893454,212,0x1eac7fd7e3665001e32d2239f9b597fc1da3cab15b533f921a1dafa82ffd4360,sender,recipient,1107.170045,-0.7410043618696407,2050157422923942295905528173686922,0,6.69599703167981e+20,203232
mypool,35346393,0xbe1b0426999122efa345ed4faccdf697d2a80fd06bc3643ab63bae10cddefa96,1667893454,59,0xbe1b0426999122efa345ed4faccdf697d2a80fd06bc3643ab63bae10cddefa96,sender,recipient,1500.0,-1.003962396116614,2050197014688359160260617597541782,0,6.696255654645891e+20,203232
mypool,35346394,0x351f5958e316e03d596242f440a2921cd326dfadf68137f197ebb37495bdaddb,1667893456,24,0x351f5958e316e03d596242f440a2921cd326dfadf68137f197ebb37495bdaddb,sender,recipient,5797.863963,-3.8795507418049344,2049854159562980367483163806016734,0,6.694016207814111e+20,203229
mypool,35346394,0xf28bdc8d14d84b8648c7ffa7907823a9e3dd6b922267308e8f44cb872559e0cd,1667893456,4,0xf28bdc8d14d84b8648c7ffa7907823a9e3dd6b922267308e8f44cb872559e0cd,sender,recipient,2689.019635,-1.7995820620007077,2050061271493918620512059665130166,0,6.695368968112424e+20,203231
mypool,35346396,0x726bcd9f082213d07a87e3de4255aeff6959b320d23b0e79891eb872be9800c3,1667893460,231,0x726bcd9f082213d07a87e3de4255aeff6959b320d23b0e79891eb872be9800c3,sender,recipient,-34.000547,0.022761935370291638,2049428402901683884827438985990486,0,6.691235789507894e+20,203224
mypool,35346396,0xe915b815d141de6a9709869251a9313798aaef2af27c42e03883475a93a1ec58,1667893460,5,0xe915b815d141de6a9709869251a9313798aaef2af27c42e03883475a93a1ec58,sender,recipient,11968.8,-8.006260157680224,2049427189625748058172863317010137,0,6.691227866993548e+20,203224
mypool,35346398,0xc853048b8cfd67f250ab81cfca6f613c57d344040675c02d37fd3eca0101fee1,1667893464,221,0xc853048b8cfd67f250ab81cfca6f613c57d344040675c02d37fd3eca0101fee1,sender,recipient,-176.396137,0.11809022240757044,2049434697446623614487536172311369,0,6.691276892040679e+20,203225
mypool,35346405,0x92738ef58754d3b6d4eb5dc3e28a5d5e8e4ccb1d838d18551a6e2010640bb371,1667893478,200,0x92738ef58754d3b6d4eb5dc3e28a5d5e8e4ccb1d838d18551a6e2010640bb371,sender,recipient,-866.815167,0.5803089383938148,2049465629564602355024716357754275,0,6.691478876449794e+20,203225
mypool,35346408,0x694f84eaf2cc8608bfaf8ac0ffab03680bd069cb49fb9d2484f9185cb008f6db,1667893484,3,0x694f84eaf2cc8608bfaf8ac0ffab03680bd069cb49fb9d2484f9185cb008f6db,sender,recipient,6099.783087,-4.079183107496776,2049248088725176067745845110637456,0,6.690058415765178e+20,203223
mypool,35346410,0x6ad1f4944724c532cc1d54074d60fce720ce36e45391de4df62174c24fef63f1,1667893488,167,0x6ad1f4944724c532cc1d54074d60fce720ce36e45391de4df62174c24fef63f1,sender,recipient,-5236.281668,3.505175,2049434924528422912013604234172568,0,6.691278374856678e+20,203225
mypool,35346414,0xe87af391d285a681b353473e3ea3c4a3d8c21d94cdc441a514b5e8070acd5d2b,1667893496,331,0xe87af391d285a681b353473e3ea3c4a3d8c21d94cdc441a514b5e8070acd5d2b,sender,recipient,1439.59025,-0.9627641549255641,2049383580787062752240451119014737,0,6.690943110771292e+20,203224
mypool,35346415,0x781c4b938b719417faa865da4b5d54042cd5114c96aea2b3b0fa40fd2bbe1d2c,1667893498,8,0x781c4b938b719417faa865da4b5d54042cd5114c96aea2b3b0fa40fd2bbe1d2c,sender,recipient,4863.376514,-3.2521552811982866,2049210144936998483522948142650078,0,6.689810672399484e+20,203222
mypool,35346422,0x80fbefbad2b4e8bd58e9f5ba196b1d86a7f5a5bd0a06cc3c4d79ffacf94d8a26,1667893512,180,0x80fbefbad2b4e8bd58e9f5ba196b1d86a7f5a5bd0a06cc3c4d79ffacf94d8a26,sender,recipient,-4.674568,0.003128762256026696,2049210311708931203902456384121192,0,6.689811761280196e+20,203222
mypool,35346422,0x80fbefbad2b4e8bd58e9f5ba196b1d86a7f5a5bd0a06cc3c4d79ffacf94d8a26,1667893512,191,0x80fbefbad2b4e8bd58e9f5ba196b1d86a7f5a5bd0a06cc3c4d79ffacf94d8a26,sender,recipient,-0.006431,4.305035019008e-06,2049210311938401615157982150857920,0,6.689811762778446e+20,203222
mypool,35346423,0x3fe29669d4e81992345805dd1c60ea149cb2c204ffd874036ed3d4d63aa82501,1667893514,303,0x3fe29669d4e81992345805dd1c60ea149cb2c204ffd874036ed3d4d63aa82501,sender,recipient,-4.693073,0.003141148556713561,2049210479370407869909562031040527,0,6.689812855968973e+20,203222
mypool,35346423,0x3fe29669d4e81992345805dd1c60ea149cb2c204ffd874036ed3d4d63aa82501,1667893514,314,0x3fe29669d4e81992345805dd1c60ea149cb2c204ffd874036ed3d4d63aa82501,sender,recipient,-0.006388,4.27566816305e-06,2049210479598312738485617993851283,0,6.689812857457001e+20,203222
mypool,35346425,0x9784c9adc6571b617d461860edf184a3db8863686b8cc13768c2ca81cb32e8f9,1667893518,231,0x9784c9adc6571b617d461860edf184a3db8863686b8cc13768c2ca81cb32e8f9,sender,recipient,-4.541924,0.003039982540247249,2049210641637740035998795106575856,0,6.689813915438597e+20,203222
mypool,35346425,0x9784c9adc6571b617d461860edf184a3db8863686b8cc13768c2ca81cb32e8f9,1667893518,242,0x9784c9adc6571b617d461860edf184a3db8863686b8cc13768c2ca81cb32e8f9,sender,recipient,-0.006429,4.303327113206e-06,2049210641867119000936178468574765,0,6.689813916936249e+20,203222
mypool,35346427,0xf19becb71d0eef2f3444fd25ffa9e52fdaeebb8763254ab7729e607db83d6e4b,1667893522,7,0xf19becb71d0eef2f3444fd25ffa9e52fdaeebb8763254ab7729e607db83d6e4b,sender,recipient,-3000.977974,2.008707671287757,2049317711414427261293448817024549,0,6.690513009597026e+20,203223
mypool,35346431,0x28aac38f731b89e52479623c6daf1fa72d28a242665f462c4689c3a1ece468f5,1667893530,133,0x28aac38f731b89e52479623c6daf1fa72d28a242665f462c4689c3a1ece468f5,sender,recipient,2019.266262,-1.3502697748118995,2049245701991691579586879900130967,0,6.690042832120404e+20,203223
mypool,35346431,0xb9d6fb9767ef96221a2410475b973c6451f668cfd3fc7702066c24c8244f8c0d,1667893530,287,0xb9d6fb9767ef96221a2410475b973c6451f668cfd3fc7702066c24c8244f8c0d,sender,recipient,-6873.358915,4.601157462166978,2049490957447747661241180412508948,0,6.691644267896086e+20,203225
mypool,35346432,0x0f4164feb841dae46c16ae74f8c9cd83037d671b84eb87abbb531d35ea0307c5,1667893536,25,0x0f4164feb841dae46c16ae74f8c9cd83037d671b84eb87abbb531d35ea0307c5,sender,recipient,6462.770303,-4.322007537646311,2049260466272094609601386128732062,0,6.690139232492506e+20,203223
mypool,35346432,0x88f8b91a9d3c885e5d38fb8f0f63486f2552bacdb73be3ffff5d580667c75c8e,1667893536,102,0x88f8b91a9d3c885e5d38fb8f0f63486f2552bacdb73be3ffff5d580667c75c8e,sender,recipient,5461.305443,-3.651515511862175,2049065732205595778190983206016508,0,6.688867811763463e+20,203221
mypool,35346433,0xc073fcbbb03f1160490358000f77460e9debd761355b41e1e28926cea3a8f889,1667893538,6,0xc073fcbbb03f1160490358000f77460e9debd761355b41e1e28926cea3a8f889,sender,recipient,17968.8,-12.009330981115689,2048425836283696085971499147603992,0,6.684690775520903e+20,203215
mypool,35346433,0xf44758d0634643af46597eb69eb79fa8e48f210941953259e336fffa0250b114,1667893538,16,0xf44758d0634643af46597eb69eb79fa8e48f210941953259e336fffa0250b114,sender,recipient,3887.649,-2.5972983123407074,2048287479093753713529660871616654,0,6.68378779550527e+20,203213
mypool,35346434,0x1928522c4dbb586902aca609c9e622fe773d324fd0484cca0a8cc5e1c09f004d,1667893540,21,0x1928522c4dbb586902aca609c9e622fe773d324fd0484cca0a8cc5e1c09f004d,sender,recipient,1600.0,-1.0688416325377916,2048230542266717440507767143679097,0,6.683416218385978e+20,203213
mypool,35346434,0x54131ea85b3db8c5aeeb90bd335ec53ff008b39fcf367272b75455967bcfe287,1667893540,61,0x54131ea85b3db8c5aeeb90bd335ec53ff008b39fcf367272b75455967bcfe287,sender,recipient,1001.474816,-0.6689809991590961,2048194905878425531595229488204178,0,6.683183655948675e+20,203212
mypool,35346435,0x48864431b2cd02146893d1b181b64baa8ea4ac77a7aa25cc60e934049bca27ea,1667893542,20,0x48864431b2cd02146893d1b181b64baa8ea4ac77a7aa25cc60e934049bca27ea,sender,recipient,10472.292,-6.991511118691335,2047450382777500769969695818588424,0,6.678325836752583e+20,203205
mypool,35346435,0x9aebbf79add1c1c5a46808f54958ea97f54a506c10b00dd98cfe142a75279416,1667893542,15,0x9aebbf79add1c1c5a46808f54958ea97f54a506c10b00dd98cfe142a75279416,sender,recipient,10472.292,-6.994053250837116,2047822415484090032150956587203558,0,6.680753032435536e+20,203209
mypool,35346437,0xca4b29981d8688dbafb621061024803821ddf36cc490c9e3b27d829821f9e385,1667893546,225,0xca4b29981d8688dbafb621061024803821ddf36cc490c9e3b27d829821f9e385,sender,recipient,-783.680484,0.5236363,2047478232611640611011016091937747,0,6.678507517865237e+20,203205
mypool,35346439,0x114a190b1a185946ebee2a6b1e4334b07e8a398a3801f1e711beb4b004b94018,1667893550,241,0x114a190b1a185946ebee2a6b1e4334b07e8a398a3801f1e711beb4b004b94018,sender,recipient,-24.241843,0.01619803927452081,2047479094111706947198219115311663,0,6.678513137984454e+20,203205
mypool,35346443,0x97d763ed145ed3170b736d4c20bf34d2cc38837ab3acb6b9e51eb48743280702,1667893558,98,0x97d763ed145ed3170b736d4c20bf34d2cc38837ab3acb6b9e51eb48743280702,sender,recipient,-1998.889739,1.336,2047799004615144435897038208251134,0,6.680600283507195e+20,203209
mypool,35346443,0xd361cd2337e52b01c94aaef0fc5043fb58d59bb351367cd1d7ea3ea99066b913,1667893558,3,0xd361cd2337e52b01c94aaef0fc5043fb58d59bb351367cd1d7ea3ea99066b913,sender,recipient,-7001.696428,4.679,2047727948849127397675654615870896,0,6.680136676547822e+20,203208
mypool,35346444,0x0707d56fdee74da3e9e4ab9a5d74935602675b5502ea60952182238843a4a849,1667893560,3,0x0707d56fdee74da3e9e4ab9a5d74935602675b5502ea60952182238843a4a849,sender,recipient,-9996.854119,6.683,2048154721968820072196927155449718,0,6.682921421321777e+20,203212
mypool,35346444,0x178aaca10cb3db5820db7244ebc7bd6d8f29b8fa433a616b6baf5dd500a244ea,1667893560,8,0x178aaca10cb3db5820db7244ebc7bd6d8f29b8fa433a616b6baf5dd500a244ea,sender,recipient,-1794.668095,1.2,2048218613595295326743995858844792,0,6.683338371637531e+20,203213
mypool,35346444,0x29d242e40583a006a88e28b85da9776a2017ba74eb9b078e5e9568b82201d236,1667893560,40,0x29d242e40583a006a88e28b85da9776a2017ba74eb9b078e5e9568b82201d236,sender,recipient,-1000.468842,0.6689809991590961,2048235393533219878041950374130835,0,6.683447877977954e+20,203213
mypool,35346444,0x36ee18eb2e17e037ddc63c6e49a726da50a068220a6d3e25cdb9ae6169004bd1,1667893560,22,0x36ee18eb2e17e037ddc63c6e49a726da50a068220a6d3e25cdb9ae6169004bd1,sender,recipient,529.416185,-0.353646583677146,2048199774963122115083966176239510,0,6.683215431270299e+20,203212
mypool,35346448,0xb4b883a46b1e7c3a03230f948a9fdc5970a3de3b4fd686fbe8e8ccf948fb60f0,1667893568,15,0xb4b883a46b1e7c3a03230f948a9fdc5970a3de3b4fd686fbe8e8ccf948fb60f0,sender,recipient,5822.119836,-3.888844499148373,2048028236121047178199161321875715,0,6.682096025787455e+20,203211
mypool,35346449,0xdc0b3650500f3f12072ea310543fbfc5598ea7fba860c2b5e0b9fde5beb56970,1667893570,10,0xdc0b3650500f3f12072ea310543fbfc5598ea7fba860c2b5e0b9fde5beb56970,sender,recipient,-4549.049939,3.0414799425661125,2048190173704732522131334324724019,0,6.683152774171499e+20,203212
mypool,35346450,0x7ceb02ef013c133cf09791a916ca8a84cf72b86f26fd0f4cd81ed850151a904b,1667893572,7,0x7ceb02ef013c133cf09791a916ca8a84cf72b86f26fd0f4cd81ed850151a904b,sender,recipient,-2691.661277,1.8,2048364271642790735045047729995857,0,6.684288970002224e+20,203214
mypool,35346450,0xc9f0579cbdc500bde5ae0757c3ba700d5e212eff2e58cb4e63a6727fa057d0be,1667893572,2,0xc9f0579cbdc500bde5ae0757c3ba700d5e212eff2e58cb4e63a6727fa057d0be,sender,recipient,-2198.187463,1.4698733338831185,2048268434203077853224444674903245,0,6.683663504928495e+20,203213
mypool,35346451,0x1900d2e83ebf611ec14a907f86b666d1e343720f90de6e8347439e887874c8ba,1667893574,53,0x1900d2e83ebf611ec14a907f86b666d1e343720f90de6e8347439e887874c8ba,sender,recipient,2184.119575,-1.4601743743443585,2049010046698049431283235559714196,0,6.688504262725497e+20,203220
mypool,35346451,0x3ae615a67eebae6d36fec4e5b23a435630c875f7298aa1c06f76f4f637887474,1667893574,4,0x3ae615a67eebae6d36fec4e5b23a435630c875f7298aa1c06f76f4f637887474,sender,recipient,-964.929755,0.6453204111446098,2048398630451678825960551690229847,0,6.68451321345015e+20,203214
mypool,35346451,0x65543a8b3fc2ac69795c526d04333f55687af6a9ad7d2e9bead55bde20373459,1667893574,9,0x65543a8b3fc2ac69795c526d04333f55687af6a9ad7d2e9bead55bde20373459,sender,recipient,-10005.94913,6.693,2048754985998344558196827383415877,0,6.686839196807298e+20,203218
mypool,35346451,0x9983afa571772a553dc1006ea9bf2af845995e42abde58d06e473827795656be,1667893574,41,0x9983afa571772a553dc1006ea9bf2af845995e42abde58d06e473827795656be,sender,recipient,1121.936702,-0.7501042900435011,2049087917295282210172536281012860,0,6.689012652344507e+20,203221
mypool,35346451,0xb2bb2db84899b5d496947bc2ad0be02bb301fdad97cea06f587ea13664c1dc3a,1667893574,14,0xb2bb2db84899b5d496947bc2ad0be02bb301fdad97cea06f587ea13664c1dc3a,sender,recipient,-10461.186233,7.0,2049127920099110886128928608681669,0,6.689273824030266e+20,203222
mypool,35346452,0x2c9bc690305d9948d518e4badec8e0d3373569be95acaa302b7140bcdccf9090,1667893576,4,0x2c9bc690305d9948d518e4badec8e0d3373569be95acaa302b7140bcdccf9090,sender,recipient,-10010.433954,6.7,2049367176739585078695684666160729,0,6.690835997481018e+20,203224
mypool,35346453,0x5d2d39b88f8fd596d971b90de9f2b28284c970d778b7f11ebeabc44fbb9d2ae7,1667893578,191,0x5d2d39b88f8fd596d971b90de9f2b28284c970d778b7f11ebeabc44fbb9d2ae7,sender,recipient,777.114812,-0.519646137087462,2049257373328302475179099272145937,0,6.690119037686299e+20,203223
mypool,35346453,0x792fb35d961cafd85af285c359394233febc2cbe51fcc574c1a8e34b96e00ef7,1667893578,46,0x792fb35d961cafd85af285c359394233febc2cbe51fcc574c1a8e34b96e00ef7,sender,recipient,1351.542553,-0.9038215505037513,2049318976247119111690420057659771,0,6.690521268328353e+20,203223
mypool,35346453,0xf9fd4cd5e16124ccb64a076ed14e292ec4a818798e8d9f1e49794deff886e7c1,1667893578,69,0xf9fd4cd5e16124ccb64a076ed14e292ec4a818798e8d9f1e49794deff886e7c1,sender,recipient,950.324538,-0.6354882350296239,2049285085878088096952282522995775,0,6.690299982757348e+20,203223
mypool,35346454,0x83c3cc6da2a85ee43869d14d46e114d4a8d17190cc40c098d230fb4df5eaff29,1667893580,159,0x83c3cc6da2a85ee43869d14d46e114d4a8d17190cc40c098d230fb4df5eaff29,sender,recipient,380.351527,-0.25433078582721336,2049243809954958151293883411202000,0,6.690030478500796e+20,203223
mypool,35346455,0x3029a05ef0f95a1aefc90348ec1a7de29ff28201483d28774dde0755ab305e6b,1667893582,5,0x3029a05ef0f95a1aefc90348ec1a7de29ff28201483d28774dde0755ab305e6b,sender,recipient,-4375.078542,2.9286281582879847,2049399914596124099740495224205276,0,6.691049766278595e+20,203224
mypool,35346461,0xd7dd4d9a19dce34815f1ad276903920e8555ba2b57e8fdca593814ce00c5af3e,1667893594,112,0xd7dd4d9a19dce34815f1ad276903920e8555ba2b57e8fdca593814ce00c5af3e,sender,recipient,495.117187,-0.33111687783291754,2049382256246899692950789153211058,0,6.690934461907215e+20,203224
mypool,35346462,0x2f10f5774713ecb4a97a199169b6a0248108584e76887fd504a9bdae32d35edd,1667893596,59,0x2f10f5774713ecb4a97a199169b6a0248108584e76887fd504a9bdae32d35edd,sender,recipient,4051.0,-2.708951325726667,2049237788804301556326804512506731,0,6.689991164855406e+20,203223
mypool,35346463,0x62fcfcfe8ffd522234666565a49a1dffa746f5e89ce6e3120642a2cc158ebaf5,1667893598,177,0x62fcfcfe8ffd522234666565a49a1dffa746f5e89ce6e3120642a2cc158ebaf5,sender,recipient,425.649985,-0.2846191260428998,2049237550244416908779375819892737,0,6.689989607238778e+20,203223
mypool,35346463,0x998ccbd1ff4b1c6133f93296f56dfd7854eb4b2197a0ffa1c896a653635ca587,1667893598,18,0x998ccbd1ff4b1c6133f93296f56dfd7854eb4b2197a0ffa1c896a653635ca587,sender,recipient,5824.380125,-3.894162221404305,2049030114472228554404020350523507,0,6.688635276285573e+20,203221
mypool,35346463,0xa29b541c7b96e8dfd9775b5ed0cedc04333e574338d1fcfce6d8e46bb2e68f15,1667893598,55,0xa29b541c7b96e8dfd9775b5ed0cedc04333e574338d1fcfce6d8e46bb2e68f15,sender,recipient,-6240.218527,4.176396239303806,2049252728884528836455348786611668,0,6.69008871270428e+20,203223
mypool,35346464,0x32bd981a52ad8134e0780809846de95478ecfc7bbd67a7eb1b5c18ab71312ee0,1667893600,3,0x32bd981a52ad8134e0780809846de95478ecfc7bbd67a7eb1b5c18ab71312ee0,sender,recipient,-4667.760851,3.124543222966015,2049404097744565830954448797539001,0,6.691077081282141e+20,203224
mypool,35346464,0x7338d26c42661887f7cfd48a7fe7d979200691ee1097bb81a6a67340b2bf9f90,1667893600,192,0x7338d26c42661887f7cfd48a7fe7d979200691ee1097bb81a6a67340b2bf9f90,sender,recipient,106.345417,-0.07112082815048974,2049400304895258873887270110446945,0,6.691052314840409e+20,203224
mypool,35346469,0x4a3154999b0cb8bfc943c51f81117d518d9130ea8f7b914c52288aaffd144894,1667893610,10,0x4a3154999b0cb8bfc943c51f81117d518d9130ea8f7b914c52288aaffd144894,sender,recipient,-6455.547112,4.322086951868867,2049630685058339710946437898449030,0,6.692556727972055e+20,203226
mypool,35346476,0x128052c82c84bc2422b3aa34ba91c0e8ce2005cb9b7e17e2e8eb396402168207,1667893624,13,0x128052c82c84bc2422b3aa34ba91c0e8ce2005cb9b7e17e2e8eb396402168207,sender,recipient,1463.72898,-0.9795341129153029,2050038833465874140760130401231969,0,6.695222406586072e+20,203230
mypool,35346476,0x3373aa33fd2361d7fbf3b3020b23eaf16fd89818d596eaf9b471bea26489f878,1667893624,361,0x3373aa33fd2361d7fbf3b3020b23eaf16fd89818d596eaf9b471bea26489f878,sender,recipient,138.847109,-0.09291452106399438,2050033869041826697955044694808238,0,6.695189979997531e+20,203230
mypool,35346476,0x7ec76c936a4e87abc0ae5e72ed6ec980ab45642e476a906e65b4a6078137253e,1667893624,6,0x7ec76c936a4e87abc0ae5e72ed6ec980ab45642e476a906e65b4a6078137253e,sender,recipient,-6662.068559,4.462343628984871,2050091169986040865212804406809697,0,6.695564262661786e+20,203231
mypool,35346476,0x93f74af532e2eadba1bf07f53e889c1c69708171bb8a02d80728be5f5014acfc,1667893624,2,0x93f74af532e2eadba1bf07f53e889c1c69708171bb8a02d80728be5f5014acfc,sender,recipient,-6229.29895,4.17153170108625,2049853040176201830706688472497187,0,6.694008896863567e+20,203229
mypool,35346477,0x257a20b1333421d2b9c0f7565f62a963a3cf964358b986db971b858316824c18,1667893626,174,0x257a20b1333421d2b9c0f7565f62a963a3cf964358b986db971b858316824c18,sender,recipient,598.450977,-0.4004432319385582,2049944522286086732376818512499178,0,6.69460639893845e+20,203229
mypool,35346477,0x815848cd5f9d7dd89beb94d6d6aeaa5c1cf617ec7c9c9ab7547ab2cbcd1445e3,1667893626,100,0x815848cd5f9d7dd89beb94d6d6aeaa5c1cf617ec7c9c9ab7547ab2cbcd1445e3,sender,recipient,1900.605009,-1.2718127568220585,2049965916069982142599521722947672,0,6.694746133168682e+20,203230
mypool,35346479,0x4598362021da22b305a648279ef0f086279f0b4d3181090c79ab902bd96e5f63,1667893630,173,0x4598362021da22b305a648279ef0f086279f0b4d3181090c79ab902bd96e5f63,sender,recipient,2422.069332,-1.6214846847547535,2050416791716373188061367257071824,0,6.697691382077749e+20,203234
mypool,35346479,0xbef9de299df9a29cc3afe7ddd22a24154cfe902dc4fbe42d7ec33e762df14d03,1667893630,6,0xbef9de299df9a29cc3afe7ddd22a24154cfe902dc4fbe42d7ec33e762df14d03,sender,recipient,-9520.025179,6.378887960930168,2050503427663794285996212328459223,0,6.698257387096436e+20,203235
mypool,35346479,0xddc96d330dc8b7428897c2d814e52ac73f06e7adb4fb80076e592a738f3ee6d9,1667893630,2,0xddc96d330dc8b7428897c2d814e52ac73f06e7adb4fb80076e592a738f3ee6d9,sender,recipient,-6101.054566,4.086894194149254,2050162774010583388891043644036951,0,6.696031985978076e+20,203232
mypool,35346480,0x41c1cd74a177e29f4a5c4b717f542f9006521fcf7f252ea8fbf7b18ab02588d6,1667893632,27,0x41c1cd74a177e29f4a5c4b717f542f9006521fcf7f252ea8fbf7b18ab02588d6,sender,recipient,2902.315727,-1.94281120067172,2050312987289101663780988346441949,0,6.697013244421152e+20,203233
mypool,35346480,0x859835a14f85eefb6f6b1f197f4afa8f77c6e2156f788a3e721a05a952d8089c,1667893632,104,0x859835a14f85eefb6f6b1f197f4afa8f77c6e2156f788a3e721a05a952d8089c,sender,recipient,862.910294,-0.5775945261488502,2050282126406190694881114922565369,0,6.696811641848813e+20,203233
mypool,35346481,0x85d1fd45dff2de4b1a335d19ec708caee3deff015c193aefb3c08ea070091a4a,1667893634,3,0x85d1fd45dff2de4b1a335d19ec708caee3deff015c193aefb3c08ea070091a4a,sender,recipient,-6438.365765,4.314293944236505,2050512523930356569602777812514125,0,6.698316815692378e+20,203235
mypool,35346481,0xc1cbe396d8f4f1be4765592c82689c27c2c8b1f65fbcd168d3293afde51472bf,1667893634,81,0xc1cbe396d8f4f1be4765592c82689c27c2c8b1f65fbcd168d3293afde51472bf,sender,recipient,3315.184904,-2.2193772164141894,2050393942577330762838590394711764,0,6.697542109374191e+20,203234
mypool,35346483,0x8460b9fa4e24f45bd03fe39df0402f4a4614e19339a8aa1a0ba467b5b2c64741,1667893638,162,0x8460b9fa4e24f45bd03fe39df0402f4a4614e19339a8aa1a0ba467b5b2c64741,sender,recipient,754.677824,-0.5051892755240096,2050366950307885664495146562013955,0,6.697365771873833e+20,203234
mypool,35346484,0x15694a22b313795997e8e4a549d744db2aeccaf7a7253545552809a3e8c0035a,1667893640,236,0x15694a22b313795997e8e4a549d744db2aeccaf7a7253545552809a3e8c0035a,sender,recipient,374.775475,-0.2508593937014729,2050295077539211349880760659303837,0,6.69689624637343e+20,203233
mypool,35346484,0xa6f193ee996a029e962c97709ecfd230488fad783d8dffc72fc85aa6a7a1f43a,1667893640,3,0xa6f193ee996a029e962c97709ecfd230488fad783d8dffc72fc85aa6a7a1f43a,sender,recipient,1635.182851,-1.0945629733813422,2050308467794234732774151772293878,0,6.696983720066763e+20,203233
mypool,35346485,0x31c9a9530303a802417995da21270817ceb0a98e4e292ddd68e84774fe61041c,1667893642,127,0x31c9a9530303a802417995da21270817ceb0a98e4e292ddd68e84774fe61041c,sender,recipient,217.344005,-0.14545015302153272,2050079116472437804913382743233619,0,6.695485529736295e+20,203231
mypool,35346485,0x7b358920ae39419cfe16e71c14eb3d02d95b6a1aac091d548fecc9bea8b0135d,1667893642,41,0x7b358920ae39419cfe16e71c14eb3d02d95b6a1aac091d548fecc9bea8b0135d,sender,recipient,5827.795984,-3.9004669844287663,2050086880242466150291322446135832,0,6.695536242226261e+20,203231
mypool,35346487,0x8daebe0bd7ca12258d101e07e9e487246a3e9081590504f34507f5389c6363d9,1667893646,3,0x8daebe0bd7ca12258d101e07e9e487246a3e9081590504f34507f5389c6363d9,sender,recipient,-10007.456974,6.705,2050436833868536612086839599114448,0,6.697822318194174e+20,203234
mypool,35346487,0x9d1f571039507a421a3ee41f5733c7f112090698314ac80541900b02539bdcda,1667893646,7,0x9d1f571039507a421a3ee41f5733c7f112090698314ac80541900b02539bdcda,sender,recipient,-3456.182291,2.3161870901159127,2050560404400192680330275238571672,0,6.698629637288902e+20,203235
mypool,35346490,0x14363bab64c28cff7e0dcdc3125a2948aa99b1684f6a6a024bf6634f39619dc2,1667893652,10,0x14363bab64c28cff7e0dcdc3125a2948aa99b1684f6a6a024bf6634f39619dc2,sender,recipient,997.50361,-0.6678450182734587,2050524756482134569703705484346658,0,6.698396734981551e+20,203235
mypool,35346490,0xbb3f46c9e4250ac5158e7c1a5b47b54a3e24b174f87bb1016cf9d2d4aa1c808a,1667893652,189,0xbb3f46c9e4250ac5158e7c1a5b47b54a3e24b174f87bb1016cf9d2d4aa1c808a,sender,recipient,20.0,-0.013390090405982756,2050524041752170996452253290432192,0,6.698392065402211e+20,203235
mypool,35346491,0x7ef97cf95f1150480a1f77a1680c2f88fca73fc0a11a9025086aae3efe1049a5,1667893654,35,0x7ef97cf95f1150480a1f77a1680c2f88fca73fc0a11a9025086aae3efe1049a5,sender,recipient,5828.850664,-3.902044117571623,2050315760271952827880721039557808,0,6.697031359426572e+20,203233
mypool,35346493,0xab5616d913871a1e2de1f3cf1285ea3c467a461587e00957e5199ce8e54fdda9,1667893658,270,0xab5616d913871a1e2de1f3cf1285ea3c467a461587e00957e5199ce8e54fdda9,sender,recipient,175.518668,-0.11748616751569756,2050308595920156287866921057359151,0,6.69698455706983e+20,203233
mypool,35346493,0xe4442a5df639b026a3ef535017b998a2724b3a102aa4b28857922582fc6d1863,1667893658,253,0xe4442a5df639b026a3ef535017b998a2724b3a102aa4b28857922582fc6d1863,sender,recipient,25.0,-0.016734199819026522,2050314867041685933165992634326855,0,6.697025524237748e+20,203233
mypool,35346496,0x9b50eccd75726c39277a01a28ac6463580e4d33f2f1df7c71db44cd59e04b7cd,1667893668,482,0x9b50eccd75726c39277a01a28ac6463580e4d33f2f1df7c71db44cd59e04b7cd,sender,recipient,500.0,-0.33467888715802124,2050290731587536075617211310534097,0,6.696867855965694e+20,203233
mypool,35346499,0x8878485b14a67ff5c2dacc61fe60c96fd0f584a413fc140f39bf2baa9fe9fcf7,1667893674,80,0x8878485b14a67ff5c2dacc61fe60c96fd0f584a413fc140f39bf2baa9fe9fcf7,sender,recipient,3197.298549,-2.1399987602406885,2050176503737717359449673830498304,0,6.696121671539683e+20,203232
mypool,35346501,0x6bdf1ed23f37955f5c17bd51ee121592f011c38e2e6ef48ad46125224d8b325a,1667893678,231,0x6bdf1ed23f37955f5c17bd51ee121592f011c38e2e6ef48ad46125224d8b325a,sender,recipient,255.775527,-0.17118400662953326,2050167366358124464183555789712153,0,6.696061984123448e+20,203232
mypool,35346504,0xafa8372d4875faddb585d08eec44a3e70afc4c640eac68606f6bb9b88e7a2650,1667893684,3,0xafa8372d4875faddb585d08eec44a3e70afc4c640eac68606f6bb9b88e7a2650,sender,recipient,-10002.119079,6.702,2050524923701697052651342195098181,0,6.698397827485325e+20,203235
mypool,35346507,0x1c48d635fb74d3d5f61ba4b575d30a3dd020551ed8b5c3a075fb8a7d2b769d56,1667893690,148,0x1c48d635fb74d3d5f61ba4b575d30a3dd020551ed8b5c3a075fb8a7d2b769d56,sender,recipient,525.071227,-0.3515345226950586,2050506159656871162690576108412550,0,6.698275235986375e+20,203235
mypool,35346508,0x9185a2d8c4c30bfa59a26aaa72a7e2811857e5944b06b0707dc55e17ddaede7f,1667893692,119,0x9185a2d8c4c30bfa59a26aaa72a7e2811857e5944b06b0707dc55e17ddaede7f,sender,recipient,-2010.026233,1.3470916291726163,2050578028129636879060571739048714,0,6.698744781757153e+20,203236
mypool,35346511,0xd30dc32a2a2fff5ba3c6ae90c9c11366727e075c66a715805f3715c3e66fc11c,1667893698,226,0xd30dc32a2a2fff5ba3c6ae90c9c11366727e075c66a715805f3715c3e66fc11c,sender,recipient,249.151321,-0.1668159364908626,2050569123906842514636580870129186,0,6.698686605978755e+20,203236
mypool,35346512,0xaebb0034cff401ae35a2bd7ceb51eea9c1579717cdf36546af831fbdb7b457c8,1667893700,11,0xaebb0034cff401ae35a2bd7ceb51eea9c1579717cdf36546af831fbdb7b457c8,sender,recipient,3042.919978,-2.0372295109901297,2050460381625794901276489805053945,0,6.697976158192699e+20,203235
mypool,35346514,0xeb8d2ea78f7704a0f0e486347e9802682b57687c1c445cbc391178f162a13fd8,1667893704,8,0xeb8d2ea78f7704a0f0e486347e9802682b57687c1c445cbc391178f162a13fd8,sender,recipient,6454.085909,-4.320283950807933,2050229775535980347338263685263338,0,6.696469660190042e+20,203232
mypool,35346515,0x8596a2ebf430eae53bb217effae7114f9b57c331d02d9b2d7a8f764a2879663e,1667893706,58,0x8596a2ebf430eae53bb217effae7114f9b57c331d02d9b2d7a8f764a2879663e,sender,recipient,238.047553,-0.15926329739092257,2049808438516187699884189922994554,0,6.693717597287498e+20,203228
mypool,35346515,0xe1c1121da21baaf189e62108d2b015cb1e925df2fc34152e0f41c745bcc4139e,1667893706,3,0xe1c1121da21baaf189e62108d2b015cb1e925df2fc34152e0f41c745bcc4139e,sender,recipient,11565.428337,-7.739322218932517,2049816923399994998962788750630130,0,6.693773012742457e+20,203228
mypool,35346516,0x0667569f3ae6fcce18e40804e677c6296b9f1971bb848b5936c97fc99abcabe4,1667893708,306,0x0667569f3ae6fcce18e40804e677c6296b9f1971bb848b5936c97fc99abcabe4,sender,recipient,221.266904,-0.14803519205307483,2049800551818972845315550738986021,0,6.693666088842727e+20,203228
mypool,35346522,0x2195f7e5e762dc47504687ff8775715d0062096cb4f222006fc12d70fd5e136d,1667893720,236,0x2195f7e5e762dc47504687ff8775715d0062096cb4f222006fc12d70fd5e136d,sender,recipient,1774.69878,-1.1872668167486917,2049714263091740022941204277117174,0,6.693102545458275e+20,203227
mypool,35346522,0x250982450cd4034512e637cd9ddc74d0a7bb9d3e99573208e491dc933b4f92a2,1667893720,248,0x250982450cd4034512e637cd9ddc74d0a7bb9d3e99573208e491dc933b4f92a2,sender,recipient,1622.653464,-1.0854849470931534,2049656432983977965881993978179205,0,6.692724875859941e+20,203227
mypool,35346522,0x78eb61c71b96c93650f11753b9da8df05cdd0e64ed3419f221bafd4e20df1e8f,1667893720,292,0x78eb61c71b96c93650f11753b9da8df05cdd0e64ed3419f221bafd4e20df1e8f,sender,recipient,7400.405514,-4.949774456721885,2049392729658568756681875507958895,0,6.691002850408113e+20,203224
mypool,35346522,0x9f96d1a8f7ef0f05b8b2db72ea73e0667c8bef8cd20aba5097bdee0931d34e11,1667893720,228,0x9f96d1a8f7ef0f05b8b2db72ea73e0667c8bef8cd20aba5097bdee0931d34e11,sender,recipient,287.734198,-0.1925,2049777515712735603733217693649798,0,6.69351563992558e+20,203228
mypool,35346522,0xbf114f22f6c95715752472c48adc845b089dacf780d346f96105cfd409b28a68,1667893720,202,0xbf114f22f6c95715752472c48adc845b089dacf780d346f96105cfd409b28a68,sender,recipient,358.569909,-0.23989322089886728,2049787771309346139357253184369674,0,6.693582619066008e+20,203228
mypool,35346522,0xce8584b7596f800f9d04627961a9d6f2f7fb6c43a5b39c760e8de96d67383815,1667893720,309,0xce8584b7596f800f9d04627961a9d6f2f7fb6c43a5b39c760e8de96d67383815,sender,recipient,2013.746579,-1.3466775640454673,2049320984298250268025352468876019,0,6.690534379918632e+20,203223
mypool,35346527,0x524ec46037778e5d811eed65d9a198bb46a3707742ab744e427fd0720c66b5b4,1667893730,10,0x524ec46037778e5d811eed65d9a198bb46a3707742ab744e427fd0720c66b5b4,sender,recipient,5094.822264,-3.4062477662505817,2049002801078863135235823688972095,0,6.688456959620071e+20,203220
mypool,35346527,0xd8e3dfb8df28a8fe45c8f65cbda8b54bb1d8a29c9aedaa7293044b7fa9e58c03,1667893730,2,0xd8e3dfb8df28a8fe45c8f65cbda8b54bb1d8a29c9aedaa7293044b7fa9e58c03,sender,recipient,3837.634142,-2.566127323961173,2049184271744038220984648199788854,0,6.689641743243896e+20,203222
mypool,35346528,0xae1a6c9aa4ec9fdda291406e51bb09750f422dd312768b55b243e4cd554d17c0,1667893732,96,0xae1a6c9aa4ec9fdda291406e51bb09750f422dd312768b55b243e4cd554d17c0,sender,recipient,-44.940816,0.03007166977814771,2048940967476606142414488691017193,0,6.688053285064937e+20,203220
mypool,35346528,0xb113591e5dc2169107f7747e1676a8c127e69d75bc8fa726d4a49fd44474d509,1667893732,2,0xb113591e5dc2169107f7747e1676a8c127e69d75bc8fa726d4a49fd44474d509,sender,recipient,1781.159184,-1.1906881297494745,2048939366184589557514461258396418,0,6.688042831350246e+20,203220
mypool,35346529,0x5b44d0783938875c2276d599aa8985475f5f5f905f0a3098a4cc511ec0ef79ea,1667893734,10,0x5b44d0783938875c2276d599aa8985475f5f5f905f0a3098a4cc511ec0ef79ea,sender,recipient,4693.0,-3.136878399423106,2048774012927688348591436555160635,0,6.686963399660833e+20,203218
mypool,35346531,0x20dde68bfdc6f5fc9266200212a6a243b4b6c5b7e225f1ba1847d6e9df050938,1667893738,21,0x20dde68bfdc6f5fc9266200212a6a243b4b6c5b7e225f1ba1847d6e9df050938,sender,recipient,-3518.073699,2.3538436895633432,2048899212320840480740020578156544,0,6.687780697552064e+20,203219
mypool,35346533,0xd46d1be30f9fc4db4c7fc2250b9c97906f74747924dbb2b3627c6c0d58d71af7,1667893742,519,0xd46d1be30f9fc4db4c7fc2250b9c97906f74747924dbb2b3627c6c0d58d71af7,sender,recipient,134.641427,-0.09,2048894422885490646349540769579254,0,6.68774943134272e+20,203219
mypool,35346534,0x02df9b215e570b42dbd976e07bc047b4038eb0cd1b270a03c2bef3c9440c4e43,1667893744,16,0x02df9b215e570b42dbd976e07bc047b4038eb0cd1b270a03c2bef3c9440c4e43,sender,recipient,-5395.325464,3.610402152483319,2049086644114614660157381043993452,0,6.689004340042359e+20,203221
mypool,35346534,0xa55d55b3bfdd06010e406de0131b9cd8b8533101851cceeb078e1341c8f728d8,1667893744,214,0xa55d55b3bfdd06010e406de0131b9cd8b8533101851cceeb078e1341c8f728d8,sender,recipient,216.126829,-0.14449450281866738,2049078946050545319091048064412426,0,6.688954081272294e+20,203221
mypool,35346536,0x31f9a438606fc235d568671b092ce31e633993b522bf4140db298cd5d7b19607,1667893748,3,0x31f9a438606fc235d568671b092ce31e633993b522bf4140db298cd5d7b19607,sender,recipient,-8309.528252,5.561789533813944,2049375106830579340141460079388807,0,6.690887778383482e+20,203224
mypool,35346540,0x90dc89a13e21b3cfe55e63ab8c6ecde66990fabf4c17f34f05c52db48fce33b8,1667893756,119,0x90dc89a13e21b3cfe55e63ab8c6ecde66990fabf4c17f34f05c52db48fce33b8,sender,recipient,216.223624,-0.14462196682430462,2049523626438061171975024633989688,0,6.69185759989767e+20,203225
mypool,35346540,0xa7649c7f88cea4c8f5430e97fa78ab9acf1d06521173e286d7212f65bc8d42b5,1667893756,47,0xa7649c7f88cea4c8f5430e97fa78ab9acf1d06521173e286d7212f65bc8d42b5,sender,recipient,-0.970836,0.00065,2049531331292880768515240604134881,0,6.691907913919457e+20,203225
mypool,35346540,0xb53c2433461ac3f931443e5bda596d4a6f61e850b170e7bdd17ff9873acc0299,1667893756,3,0xb53c2433461ac3f931443e5bda596d4a6f61e850b170e7bdd17ff9873acc0299,sender,recipient,-4381.328017,2.93318742186924,2049531296680908155789362446953409,0,6.691907687896924e+20,203225
mypool,35346542,0x5a98e5e990ab7e48e3777674e3445942cbe90f0e2323790a26a4b7373cbded2f,1667893760,7,0x5a98e5e990ab7e48e3777674e3445942cbe90f0e2323790a26a4b7373cbded2f,sender,recipient,-2723.289503,1.823384581667475,2049620720187604466246767605979301,0,6.69249165254061e+20,203226
mypool,35346548,0x37fd3ae24a12582dd2f45011f39e0e2328c97f4f59fb8c1754841db864c77930,1667893772,234,0x37fd3ae24a12582dd2f45011f39e0e2328c97f4f59fb8c1754841db864c77930,sender,recipient,339.825902,-0.22731314401176758,2049608609891971960897167492567214,0,6.692412566871546e+20,203226
mypool,35346550,0x2c8a6006bc35c008feca11b81aade44777bb7f5e3f3f75c50de7a9fd3b98716b,1667893776,50,0x2c8a6006bc35c008feca11b81aade44777bb7f5e3f3f75c50de7a9fd3b98716b,sender,recipient,3503.198021,-2.343169680267804,2049483775590512925404139802784485,0,6.691597370055996e+20,203225
mypool,35346551,0xdccc49ae6db9f5d9e3ca2400a0ea73f7f70696eb7a9f7f7b38184affe1152751,1667893778,59,0xdccc49ae6db9f5d9e3ca2400a0ea73f7f70696eb7a9f7f7b38184affe1152751,sender,recipient,3531.090141,-2.361536939879332,2049357962758116659702375467223199,0,6.690775833445017e+20,203224
mypool,35346553,0x0ff91fc50b0820f1553369fe71d37f9b78c864dd83c1af2492111fbaac2a653a,1667893782,209,0x0ff91fc50b0820f1553369fe71d37f9b78c864dd83c1af2492111fbaac2a653a,sender,recipient,3759.0,-2.5136408386562787,2049224046464791842788769393605108,0,6.689901438009512e+20,203222
mypool,35346554,0x7bed8bee7aba618e2a6727c8465e9bd9ae4923f05c3ad5777dc441ee85f5b334,1667893784,175,0x7bed8bee7aba618e2a6727c8465e9bd9ae4923f05c3ad5777dc441ee85f5b334,sender,recipient,3626.0,-2.424392564466679,2049094884947042480496561854150881,0,6.689058142623015e+20,203221
mypool,35346556,0xdb7203cc3a21ec7fd2eeb813fe0bca9fa8d801fe13624450469a02fea40e174c,1667893788,227,0xdb7203cc3a21ec7fd2eeb813fe0bca9fa8d801fe13624450469a02fea40e174c,sender,recipient,293.655945,-0.19632895273572637,2049084425359810134916194184388273,0,6.688989854317684e+20,203221
mypool,35346560,0x1818dbd324227d7ae8308dd0fe3d3da04551ba79b0f2be5aedc708f37baa5078,1667893800,226,0x1818dbd324227d7ae8308dd0fe3d3da04551ba79b0f2be5aedc708f37baa5078,sender,recipient,-752.884235,0.5038620261136614,2049111255603884655868312994950880,0,6.689165023679311e+20,203221
mypool,35346564,0x38ccd6aad3090e1791a985438292b42b8984a4e66a99a6aeb1a12e9c47111765,1667893808,75,0x38ccd6aad3090e1791a985438292b42b8984a4e66a99a6aeb1a12e9c47111765,sender,recipient,1860.932532,-1.2443653994479176,2049225771791098291143335095135839,0,6.689912703022546e+20,203222
mypool,35346564,0xa046f3a3b0479530443a56f51e263f2609a58247a7ab1f6879ba22d4ac2598ed,1667893808,4,0xa046f3a3b0479530443a56f51e263f2609a58247a7ab1f6879ba22d4ac2598ed,sender,recipient,-5073.222372,3.395559388458581,2049292066386281906064508818364010,0,6.69034556135811e+20,203223
